{1:F01DEUTRUMMXXXX0000000000}{2:O9400603160603CBRSUMMAXXXX00000000001606030603N}{4:
:20:20160603 0000002
:25:30102810300000000101
:28C:1791/1
:60F:C160603RUB863517756,38
:61:1606030603C12,45NTRF000443//044525225
:61:1606030603C20,34NTRF000906//044525225
:61:1606030603C23,60NTRF000037//044583119
:61:1606030603C27,00NTRF000987//044525700
:61:1606030603C31,08NTRF000902//044525225
:61:1606030603C43,89NTRF000904//044525225
:61:1606030603C87,44NTRF000961//044525225
:61:1606030603C100,00NTRF000617//044525232
:61:1606030603C115,00NTRF000987//045773603
:61:1606030603C117,60NTRF000021//044585777
:61:1606030603C130,50NTRF000412//044552675
:61:1606030603C156,70NTRF000893//049205805
:61:1606030603C200,00NTRF000297//047102651
:61:1606030603C203,81NTRF000956//044525187
:61:1606030603C204,61NTRF000930//046311649
:61:1606030603C215,98NTRF000074//044030858
:61:1606030603C216,00NTRF000647//044959698
:61:1606030603C240,00NTRF000956//042202705
:61:1606030603C260,00NTRF000050//043601980
:61:1606030603C294,44NTRF000609//044579326
:61:1606030603C294,44NTRF000610//044579326
:61:1606030603C300,00NTRF000616//044525232
:61:1606030603C330,00NTRF068777//044525202
:61:1606030603C350,00NTRF000605//044525700
:61:1606030603C354,00NTRF000097//042202603
:61:1606030603C360,00NTRF000286//044525225
:61:1606030603C377,60NTRF000780//044525232
:61:1606030603C378,00NTRF000944//048073770
:61:1606030603C378,44NTRF000957//041806647
:61:1606030603C383,91NTRF000660//046311722
:61:1606030603C412,08NTRF000013//043601607
:61:1606030603C435,76NTRF000067//044030858
:61:1606030603C438,08NTRF000006//044579611
:61:1606030603C440,00NTRF068776//047130639
:61:1606030603C440,00NTRF000892//044525187
:61:1606030603C440,00NTRF000928//044525232
:61:1606030603C450,00NTRF000849//044552272
:61:1606030603C460,00NTRF000811//044552726
:61:1606030603C480,00NTRF000326//044552259
:61:1606030603C490,85NTRF000304//045773873
:61:1606030603C499,80NTRF000019//044585777
:61:1606030603C500,00NTRF000002//044525202
:61:1606030603C510,00NTRF000388//044525545
:61:1606030603C510,00NTRF000658//044525700
:61:1606030603C514,84NTRF000007//044525202
:61:1606030603C514,84NTRF000006//044525202
:61:1606030603C514,86NTRF000005//044525202
:61:1606030603C516,44NTRF000004//044525202
:61:1606030603C516,44NTRF000003//044525202
:61:1606030603C516,60NTRF000171//044525600
:61:1606030603C565,00NTRF000404//044525225
:61:1606030603C600,00NTRF068775//044525225
:61:1606030603C600,00NTRF000529//043678700
:61:1606030603C633,00NTRF000413//044579901
:61:1606030603C635,90NTRF000923//044525225
:61:1606030603C641,83NTRF000641//044525487
:61:1606030603C665,00NTRF000456//045005780
:61:1606030603C700,00NTRF000618//044525232
:61:1606030603C709,00NTRF000946//042202747
:61:1606030603C728,00NTRF000101//042202603
:61:1606030603C735,00NTRF000444//046850781
:61:1606030603C735,00NTRF000458//047516969
:61:1606030603C735,00NTRF000452//048602673
:61:1606030603C740,75NTRF000928//045005750
:61:1606030603C742,90NTRF006877//044525202
:61:1606030603C750,00NTRF000808//045773603
:61:1606030603C758,85NTRF000922//040702730
:61:1606030603C760,00NTRF000986//044525202
:61:1606030603C760,44NTRF000323//044552743
:61:1606030603C778,80NTRF000041//044030804
:61:1606030603C793,95NTRF000636//046015602
:61:1606030603C798,49NTRF000422//044030811
:61:1606030603C815,53NTRF000409//044525700
:61:1606030603C826,00NTRF000955//044525187
:61:1606030603C837,70NTRF000434//044525225
:61:1606030603C840,80NTRF000992//044525985
:61:1606030603C842,82NTRF000438//044525225
:61:1606030603C860,00NTRF000863//044583119
:61:1606030603C880,00NTRF000605//044579326
:61:1606030603C881,00NTRF000604//044579326
:61:1606030603C885,00NTRF000692//047501602
:61:1606030603C900,00NTRF000051//044030723
:61:1606030603C900,00NTRF000049//040349556
:61:1606030603C900,00NTRF000053//044525700
:61:1606030603C902,87NTRF000598//044525787
:61:1606030603C909,00NTRF000822//044030653
:61:1606030603C910,00NTRF000465//043602955
:61:1606030603C914,38NTRF000719//044525225
:61:1606030603C926,10NTRF000658//044585259
:61:1606030603C948,19NTRF000855//040813737
:61:1606030603C950,00NTRF000919//044585777
:61:1606030603C980,00NTRF000457//049205603
:61:1606030603C980,00NTRF000451//046910702
:61:1606030603C980,00NTRF000459//046311854
:61:1606030603C990,00NTRF000877//044525187
:61:1606030603C1000,00NTRF000665//043601871
:61:1606030603C1000,00NTRF000435//044525202
:61:1606030603C1000,00NTRF000151//044525716
:61:1606030603C1000,00NTRF000614//044525232
:61:1606030603C1000,00NTRF000656//044525202
:61:1606030603C1009,00NTRF000023//048602752
:61:1606030603C1084,05NTRF000567//049401601
:61:1606030603C1097,00NTRF000152//044525716
:61:1606030603C1099,00NTRF000149//044525716
:61:1606030603C1100,00NTRF000613//044525181
:61:1606030603C1100,00NTRF000153//044525716
:61:1606030603C1104,19NTRF000618//044525716
:61:1606030603C1110,00NTRF000154//044525716
:61:1606030603C1132,80NTRF000957//044525187
:61:1606030603C1150,00NTRF000799//045744863
:61:1606030603C1155,00NTRF000446//048702746
:61:1606030603C1177,05NTRF000528//044525219
:61:1606030603C1180,00NTRF000418//044585576
:61:1606030603C1181,14NTRF000596//049205603
:61:1606030603C1200,00NTRF000615//044525225
:61:1606030603C1200,00NTRF000417//040702660
:61:1606030603C1200,69NTRF000002//044525545
:61:1606030603C1202,40NTRF000987//044525225
:61:1606030603C1220,00NTRF000696//045773603
:61:1606030603C1220,00NTRF000779//045773603
:61:1606030603C1235,60NTRF000039//044030811
:61:1606030603C1250,00NTRF000380//044525225
:61:1606030603C1254,00NTRF000691//047501602
:61:1606030603C1265,90NTRF000656//044525700
:61:1606030603C1278,00NTRF068778//044525225
:61:1606030603C1290,00NTRF000966//044525222
:61:1606030603C1300,00NTRF000787//043601607
:61:1606030603C1380,00NTRF000696//044525225
:61:1606030603C1400,00NTRF000701//044525225
:61:1606030603C1400,01NTRF000783//044525202
:61:1606030603C1416,00NTRF000804//045773603
:61:1606030603C1429,78NTRF000693//044525593
:61:1606030603C1450,00NTRF000664//044030653
:61:1606030603C1513,37NTRF000644//044525225
:61:1606030603C1525,70NTRF000445//044525232
:61:1606030603C1560,00NTRF000273//046015602
:61:1606030603C1571,55NTRF000631//044525202
:61:1606030603C1637,03NTRF000867//044525700
:61:1606030603C1652,00NTRF000321//044525225
:61:1606030603C1654,37NTRF000891//044525187
:61:1606030603C1672,69NTRF000337//044525700
:61:1606030603C1680,01NTRF000849//044525202
:61:1606030603C1715,00NTRF000455//045655722
:61:1606030603C1768,00NTRF000544//044552675
:61:1606030603C1770,00NTRF000784//044585184
:61:1606030603C1800,00NTRF000662//044525700
:61:1606030603C1835,23NTRF000935//044525545
:61:1606030603C1835,87NTRF000947//041203602
:61:1606030603C1836,00NTRF000948//046311649
:61:1606030603C1840,00NTRF000752//044583685
:61:1606030603C1857,08NTRF000027//044525202
:61:1606030603C1872,50NTRF068774//045209673
:61:1606030603C1905,05NTRF000143//040407627
:61:1606030603C1915,40NTRF000295//048073601
:61:1606030603C1956,00NTRF000840//044525225
:61:1606030603C2000,00NTRF000505//044525716
:61:1606030603C2000,00NTRF000541//041708773
:61:1606030603C2000,00NTRF000287//044525225
:61:1606030603C2000,00NTRF000444//044525225
:61:1606030603C2000,13NTRF000668//042520607
:61:1606030603C2000,13NTRF000700//042520607
:61:1606030603C2003,64NTRF000786//044525311
:61:1606030603C2055,50NTRF000554//043601607
:61:1606030603C2094,78NTRF000446//044525232
:61:1606030603C2096,00NTRF000510//043602985
:61:1606030603C2100,00NTRF000712//044525716
:61:1606030603C2108,00NTRF000150//044525225
:61:1606030603C2120,00NTRF000888//044525187
:61:1606030603C2130,62NTRF068779//044525593
:61:1606030603C2156,00NTRF000020//044585777
:61:1606030603C2200,00NTRF000932//046577909
:61:1606030603C2205,00NTRF000450//046910702
:61:1606030603C2214,27NTRF000622//044525222
:61:1606030603C2221,47NTRF000875//044525187
:61:1606030603C2276,81NTRF000412//044525202
:61:1606030603C2286,00NTRF000802//042202603
:61:1606030603C2310,00NTRF000717//044579901
:61:1606030603C2322,11NTRF000608//044579326
:61:1606030603C2348,00NTRF000781//044030858
:61:1606030603C2360,00NTRF000998//042202705
:61:1606030603C2369,29NTRF000065//044030858
:61:1606030603C2380,00NTRF000608//044525202
:61:1606030603C2405,00NTRF000460//042202603
:61:1606030603C2419,03NTRF000707//044525225
:61:1606030603C2437,53NTRF000099//044525202
:61:1606030603C2449,96NTRF000625//044525225
:61:1606030603C2478,00NTRF000038//044525187
:61:1606030603C2478,00NTRF000140//044030878
:61:1606030603C2486,50NTRF000984//042202603
:61:1606030603C2499,51NTRF000706//040349602
:61:1606030603C2499,51NTRF000719//040349713
:61:1606030603C2500,38NTRF000726//049205603
:61:1606030603C2500,38NTRF000722//049205603
:61:1606030603C2500,38NTRF000735//049205603
:61:1606030603C2500,38NTRF000732//049205603
:61:1606030603C2500,38NTRF000731//049205603
:61:1606030603C2500,38NTRF068779//049205603
:61:1606030603C2500,38NTRF000691//049205603
:61:1606030603C2500,38NTRF000692//049205603
:61:1606030603C2500,38NTRF000724//042520607
:61:1606030603C2500,38NTRF000671//042520607
:61:1606030603C2500,38NTRF000669//042520607
:61:1606030603C2500,38NTRF000703//042520607
:61:1606030603C2500,38NTRF000698//049205708
:61:1606030603C2500,38NTRF000699//049205708
:61:1606030603C2500,38NTRF000707//049205603
:61:1606030603C2500,38NTRF000705//042520607
:61:1606030603C2500,38NTRF000708//042520607
:61:1606030603C2500,38NTRF000717//042520607
:61:1606030603C2500,38NTRF000720//042520607
:61:1606030603C2500,38NTRF000721//049205603
:61:1606030603C2500,38NTRF000713//049205815
:61:1606030603C2500,38NTRF000666//042520607
:61:1606030603C2500,38NTRF000663//044525716
:61:1606030603C2500,38NTRF000678//042520607
:61:1606030603C2500,38NTRF068770//042520607
:61:1606030603C2500,38NTRF000677//042520607
:61:1606030603C2500,38NTRF000675//042520740
:61:1606030603C2500,38NTRF000674//042520607
:61:1606030603C2500,38NTRF068778//049205603
:61:1606030603C2500,38NTRF068777//049205603
:61:1606030603C2500,38NTRF068772//049205806
:61:1606030603C2500,38NTRF068771//042520607
:61:1606030603C2500,38NTRF000694//049205603
:61:1606030603C2501,17NTRF000690//047501990
:61:1606030603C2503,89NTRF000594//044525202
:61:1606030603C2518,00NTRF000228//040364518
:61:1606030603C2518,43NTRF000595//047501602
:61:1606030603C2553,84NTRF000847//044525957
:61:1606030603C2590,00NTRF000937//044525222
:61:1606030603C2599,00NTRF000634//044525700
:61:1606030603C2600,00NTRF000013//044583001
:61:1606030603C2600,00NTRF000012//044583001
:61:1606030603C2619,60NTRF000450//044585184
:61:1606030603C2638,00NTRF000339//044583151
:61:1606030603C2648,00NTRF000519//044583001
:61:1606030603C2648,32NTRF000629//044525225
:61:1606030603C2664,60NTRF068778//047102651
:61:1606030603C2681,55NTRF000383//044525823
:61:1606030603C2688,95NTRF000604//044525202
:61:1606030603C2690,40NTRF000448//044585184
:61:1606030603C2700,00NTRF000654//044525593
:61:1606030603C2700,00NTRF000324//044552272
:61:1606030603C2760,00NTRF000618//044525716
:61:1606030603C2760,00NTRF000077//043304711
:61:1606030603C2768,10NTRF000584//044525593
:61:1606030603C2788,99NTRF000771//044525202
:61:1606030603C2790,96NTRF000954//044525225
:61:1606030603C2832,00NTRF000992//044525700
:61:1606030603C2845,35NTRF000073//044030858
:61:1606030603C2900,18NTRF000225//044525232
:61:1606030603C2904,06NTRF000854//044552118
:61:1606030603C2906,12NTRF000630//044525545
:61:1606030603C2910,40NTRF000588//045209673
:61:1606030603C2920,00NTRF000106//045004897
:61:1606030603C2935,21NTRF000633//044525593
:61:1606030603C2940,00NTRF000464//040813805
:61:1606030603C2940,00NTRF000005//042202603
:61:1606030603C2968,17NTRF000054//044030858
:61:1606030603C2999,10NTRF000965//044585777
:61:1606030603C2999,80NTRF068776//045209673
:61:1606030603C3000,00NTRF000142//044525232
:61:1606030603C3000,00NTRF000617//044525202
:61:1606030603C3000,00NTRF000646//044525545
:61:1606030603C3000,00NTRF000645//044525225
:61:1606030603C3000,00NTRF000643//044525225
:61:1606030603C3000,00NTRF000644//044525225
:61:1606030603C3000,00NTRF000581//044525225
:61:1606030603C3000,00NTRF000638//044525225
:61:1606030603C3000,00NTRF000656//044552603
:61:1606030603C3000,00NTRF000641//044525225
:61:1606030603C3000,00NTRF000693//044525545
:61:1606030603C3000,00NTRF000798//040349987
:61:1606030603C3000,00NTRF000653//044525700
:61:1606030603C3000,00NTRF000649//044525593
:61:1606030603C3000,00NTRF000650//044525593
:61:1606030603C3000,00NTRF000648//044525593
:61:1606030603C3000,00NTRF000593//044525202
:61:1606030603C3000,00NTRF000652//044525700
:61:1606030603C3000,00NTRF000654//046015602
:61:1606030603C3000,00NTRF000647//044525202
:61:1606030603C3000,00NTRF000512//044583001
:61:1606030603C3000,00NTRF000640//044525225
:61:1606030603C3000,00NTRF000642//044525225
:61:1606030603C3000,00NTRF000639//044525225
:61:1606030603C3000,00NTRF000636//040349556
:61:1606030603C3000,00NTRF000583//044525593
:61:1606030603C3000,00NTRF000589//044525202
:61:1606030603C3000,00NTRF000591//044525716
:61:1606030603C3000,00NTRF000274//040173604
:61:1606030603C3000,00NTRF000306//045773873
:61:1606030603C3000,00NTRF000651//044525700
:61:1606030603C3000,00NTRF000655//044552603
:61:1606030603C3001,20NTRF000665//045004641
:61:1606030603C3037,32NTRF000034//046015602
:61:1606030603C3040,21NTRF000098//044525202
:61:1606030603C3044,40NTRF000410//044525545
:61:1606030603C3051,31NTRF000881//044525187
:61:1606030603C3053,97NTRF000720//044525225
:61:1606030603C3054,73NTRF000028//044552743
:61:1606030603C3061,05NTRF000949//044705615
:61:1606030603C3095,37NTRF000891//049240759
:61:1606030603C3100,00NTRF000659//046015872
:61:1606030603C3100,00NTRF000598//040702660
:61:1606030603C3109,00NTRF000274//046015602
:61:1606030603C3114,16NTRF000862//044525716
:61:1606030603C3199,26NTRF000423//042202747
:61:1606030603C3200,00NTRF000770//044525225
:61:1606030603C3200,00NTRF000710//044525219
:61:1606030603C3200,00NTRF000617//044525225
:61:1606030603C3204,10NTRF000612//044579326
:61:1606030603C3237,50NTRF000883//044030706
:61:1606030603C3250,97NTRF000953//045853729
:61:1606030603C3258,60NTRF000582//044525225
:61:1606030603C3267,68NTRF000958//044579709
:61:1606030603C3278,00NTRF000999//042202603
:61:1606030603C3304,00NTRF000141//044030878
:61:1606030603C3309,80NTRF000564//042202847
:61:1606030603C3344,08NTRF000568//049401601
:61:1606030603C3350,00NTRF000853//044585494
:61:1606030603C3350,00NTRF000938//044525222
:61:1606030603C3355,35NTRF000586//044525225
:61:1606030603C3386,28NTRF000566//049401601
:61:1606030603C3386,82NTRF000850//044525201
:61:1606030603C3428,80NTRF000628//044959702
:61:1606030603C3439,40NTRF000704//046577896
:61:1606030603C3443,31NTRF000938//044525232
:61:1606030603C3500,11NTRF000602//044525202
:61:1606030603C3550,62NTRF000949//044525700
:61:1606030603C3551,00NTRF000694//045773603
:61:1606030603C3563,65NTRF000964//044525225
:61:1606030603C3589,48NTRF000384//044525700
:61:1606030603C3593,36NTRF000592//044525716
:61:1606030603C3600,00NTRF000525//043602985
:61:1606030603C3627,96NTRF000590//044525202
:61:1606030603C3632,04NTRF000723//044525225
:61:1606030603C3635,34NTRF000290//046577859
:61:1606030603C3655,49NTRF000322//044525823
:61:1606030603C3669,33NTRF000960//044525225
:61:1606030603C3672,00NTRF000537//044525600
:61:1606030603C3675,00NTRF000448//043601919
:61:1606030603C3676,77NTRF000526//046577940
:61:1606030603C3690,38NTRF000838//044525700
:61:1606030603C3700,00NTRF000105//044525545
:61:1606030603C3700,00NTRF000834//044525716
:61:1606030603C3700,00NTRF000027//044525545
:61:1606030603C3700,00NTRF000028//044525545
:61:1606030603C3753,54NTRF000556//042202603
:61:1606030603C3770,00NTRF000616//044525181
:61:1606030603C3800,00NTRF000962//044525363
:61:1606030603C3803,52NTRF000628//044525225
:61:1606030603C3816,00NTRF000145//044583119
:61:1606030603C3836,05NTRF000613//044579326
:61:1606030603C3873,24NTRF000029//044525225
:61:1606030603C3912,97NTRF000659//040349602
:61:1606030603C3915,00NTRF000527//044525225
:61:1606030603C4000,00NTRF000711//044552591
:61:1606030603C4000,00NTRF000638//041117601
:61:1606030603C4000,00NTRF000639//044525716
:61:1606030603C4005,31NTRF000724//043601964
:61:1606030603C4010,86NTRF000886//044525187
:61:1606030603C4028,67NTRF000585//044525225
:61:1606030603C4029,29NTRF000581//044525225
:61:1606030603C4093,86NTRF000896//044525225
:61:1606030603C4100,99NTRF000627//044525225
:61:1606030603C4130,50NTRF000587//044525225
:61:1606030603C4145,00NTRF000607//044525545
:61:1606030603C4165,00NTRF000447//047308887
:61:1606030603C4179,00NTRF000006//042202603
:61:1606030603C4200,00NTRF000655//044525219
:61:1606030603C4232,07NTRF000924//044525700
:61:1606030603C4240,18NTRF000655//044525700
:61:1606030603C4243,09NTRF000661//044525716
:61:1606030603C4258,62NTRF000653//044585777
:61:1606030603C4279,68NTRF000721//042809921
:61:1606030603C4300,00NTRF000414//046910710
:61:1606030603C4300,00NTRF000603//044579326
:61:1606030603C4318,70NTRF000760//044583151
:61:1606030603C4335,00NTRF000694//044525225
:61:1606030603C4350,00NTRF000703//044206604
:61:1606030603C4380,00NTRF000967//044525222
:61:1606030603C4437,20NTRF000762//040407996
:61:1606030603C4488,96NTRF000974//044525225
:61:1606030603C4500,00NTRF000637//045004799
:61:1606030603C4513,92NTRF000562//042202847
:61:1606030603C4530,81NTRF000036//043807606
:61:1606030603C4540,00NTRF000672//044525202
:61:1606030603C4550,00NTRF000774//044525957
:61:1606030603C4558,80NTRF000301//047501602
:61:1606030603C4566,65NTRF000419//044030878
:61:1606030603C4566,65NTRF000420//044030878
:61:1606030603C4582,00NTRF000751//044525225
:61:1606030603C4656,40NTRF000626//044525225
:61:1606030603C4660,28NTRF000563//042202847
:61:1606030603C4672,80NTRF000772//040407996
:61:1606030603C4700,00NTRF000727//043601607
:61:1606030603C4720,00NTRF000426//042202705
:61:1606030603C4750,00NTRF000009//044030790
:61:1606030603C4754,02NTRF000637//044552603
:61:1606030603C4776,02NTRF000948//045402790
:61:1606030603C4789,00NTRF000597//044030791
:61:1606030603C4797,24NTRF000635//044525700
:61:1606030603C4808,54NTRF000049//044030858
:61:1606030603C4828,13NTRF000552//044525593
:61:1606030603C4831,40NTRF000022//044585777
:61:1606030603C4837,82NTRF000887//046577965
:61:1606030603C4890,00NTRF000964//046577935
:61:1606030603C4924,50NTRF000411//044525545
:61:1606030603C4943,90NTRF000701//044525202
:61:1606030603C4950,00NTRF000839//044525593
:61:1606030603C4950,00NTRF000653//044585460
:61:1606030603C4982,20NTRF000635//044525202
:61:1606030603C4995,00NTRF000632//044959711
:61:1606030603C4999,89NTRF000727//049205603
:61:1606030603C4999,89NTRF000728//049205603
:61:1606030603C4999,89NTRF000723//049205603
:61:1606030603C4999,89NTRF000725//045004641
:61:1606030603C4999,89NTRF000697//049205603
:61:1606030603C4999,89NTRF000709//040349602
:61:1606030603C4999,89NTRF000710//049205603
:61:1606030603C4999,89NTRF000718//047888670
:61:1606030603C4999,89NTRF000711//045004641
:61:1606030603C4999,89NTRF068775//049205603
:61:1606030603C4999,89NTRF068774//047888670
:61:1606030603C4999,89NTRF000679//049205603
:61:1606030603C4999,89NTRF000696//049205603
:61:1606030603C4999,89NTRF000693//049205603
:61:1606030603C4999,89NTRF000690//049205844
:61:1606030603C4999,89NTRF068776//049205603
:61:1606030603C4999,89NTRF000730//049205603
:61:1606030603C4999,89NTRF000733//047888732
:61:1606030603C4999,89NTRF000734//040395833
:61:1606030603C4999,89NTRF000716//040349713
:61:1606030603C5000,00NTRF000383//044525225
:61:1606030603C5000,00NTRF000291//046577674
:61:1606030603C5000,00NTRF000638//040349556
:61:1606030603C5000,00NTRF000422//044525593
:61:1606030603C5000,00NTRF000305//049401601
:61:1606030603C5000,00NTRF000277//046577971
:61:1606030603C5000,00NTRF000302//045773873
:61:1606030603C5000,00NTRF000299//045354601
:61:1606030603C5000,00NTRF000293//046577906
:61:1606030603C5000,00NTRF000289//046577859
:61:1606030603C5000,76NTRF000672//042520607
:61:1606030603C5000,76NTRF000673//042520740
:61:1606030603C5000,76NTRF000676//044525716
:61:1606030603C5000,76NTRF000665//042520740
:61:1606030603C5000,76NTRF000667//042520607
:61:1606030603C5000,76NTRF000714//040407627
:61:1606030603C5000,76NTRF000704//040407627
:61:1606030603C5000,76NTRF000664//040407627
:61:1606030603C5000,76NTRF000701//042520607
:61:1606030603C5000,76NTRF000702//042520607
:61:1606030603C5000,76NTRF000736//040407627
:61:1606030603C5002,50NTRF000138//040407627
:61:1606030603C5012,59NTRF000422//045004774
:61:1606030603C5013,00NTRF068778//044583151
:61:1606030603C5049,89NTRF000789//043601863
:61:1606030603C5075,00NTRF000461//040349558
:61:1606030603C5108,03NTRF000894//049205805
:61:1606030603C5118,30NTRF000623//044525225
:61:1606030603C5148,51NTRF000984//049033781
:61:1606030603C5156,75NTRF000660//044525700
:61:1606030603C5182,00NTRF000697//045773603
:61:1606030603C5220,00NTRF000385//044525225
:61:1606030603C5260,20NTRF000624//044525225
:61:1606030603C5275,84NTRF000863//044525225
:61:1606030603C5277,00NTRF000632//044525593
:61:1606030603C5280,00NTRF000508//043602985
:61:1606030603C5310,00NTRF000931//046311649
:61:1606030603C5320,00NTRF000453//042007681
:61:1606030603C5350,00NTRF000852//044583616
:61:1606030603C5357,20NTRF000381//044525222
:61:1606030603C5380,00NTRF000936//044525222
:61:1606030603C5395,00NTRF068777//044583151
:61:1606030603C5400,00NTRF000833//044583104
:61:1606030603C5400,00NTRF000831//044583104
:61:1606030603C5400,00NTRF000038//044525225
:61:1606030603C5466,00NTRF000986//042202705
:61:1606030603C5470,00NTRF000940//044525222
:61:1606030603C5485,46NTRF000698//044525202
:61:1606030603C5509,00NTRF000658//040507601
:61:1606030603C5556,41NTRF068773//044525202
:61:1606030603C5580,00NTRF000984//044579776
:61:1606030603C5581,40NTRF000447//044585184
:61:1606030603C5602,41NTRF000969//044525922
:61:1606030603C5609,03NTRF000292//046577674
:61:1606030603C5612,00NTRF000891//044525225
:61:1606030603C5642,06NTRF000676//040507601
:61:1606030603C5663,61NTRF000800//045744863
:61:1606030603C5672,00NTRF000107//045017711
:61:1606030603C5674,94NTRF000419//044552603
:61:1606030603C5682,84NTRF000553//044525593
:61:1606030603C5690,17NTRF000610//044525202
:61:1606030603C5692,03NTRF000772//044525202
:61:1606030603C5692,03NTRF000325//044525202
:61:1606030603C5700,00NTRF000449//044525202
:61:1606030603C5715,26NTRF000989//040813608
:61:1606030603C5843,92NTRF000332//044525232
:61:1606030603C5880,00NTRF000445//046577674
:61:1606030603C5939,00NTRF000100//042202603
:61:1606030603C5941,64NTRF000853//044552118
:61:1606030603C6000,00NTRF000619//044525181
:61:1606030603C6000,00NTRF000616//044525225
:61:1606030603C6000,00NTRF000511//044525225
:61:1606030603C6000,00NTRF000432//044030731
:61:1606030603C6000,00NTRF000606//044579326
:61:1606030603C6006,54NTRF000273//044525700
:61:1606030603C6013,24NTRF000427//044030653
:61:1606030603C6028,10NTRF000331//044525232
:61:1606030603C6077,56NTRF000040//044030811
:61:1606030603C6080,00NTRF000778//044525225
:61:1606030603C6090,00NTRF000547//044525225
:61:1606030603C6115,80NTRF000739//043601607
:61:1606030603C6152,20NTRF000588//044552603
:61:1606030603C6160,10NTRF000973//044525700
:61:1606030603C6160,22NTRF000699//046902606
:61:1606030603C6194,40NTRF000597//044525823
:61:1606030603C6280,00NTRF000935//044525222
:61:1606030603C6295,10NTRF000882//044525187
:61:1606030603C6335,30NTRF000841//044585777
:61:1606030603C6344,00NTRF000002//044525700
:61:1606030603C6401,21NTRF000695//045773882
:61:1606030603C6406,75NTRF000658//049205001
:61:1606030603C6410,00NTRF000934//042520776
:61:1606030603C6469,44NTRF000990//044525700
:61:1606030603C6490,00NTRF000449//044585184
:61:1606030603C6495,00NTRF000417//044583151
:61:1606030603C6500,45NTRF000278//044552350
:61:1606030603C6513,77NTRF000988//044705615
:61:1606030603C6537,96NTRF000580//045004641
:61:1606030603C6594,61NTRF000705//045005780
:61:1606030603C6595,41NTRF068772//044525202
:61:1606030603C6600,00NTRF000036//043601980
:61:1606030603C6610,00NTRF000860//044579203
:61:1606030603C6626,22NTRF000690//047144851
:61:1606030603C6672,40NTRF000879//044525187
:61:1606030603C6703,16NTRF000722//044525225
:61:1606030603C6714,39NTRF000335//044525232
:61:1606030603C6749,60NTRF000723//046126792
:61:1606030603C6750,00NTRF000454//045004641
:61:1606030603C6795,00NTRF000003//042202772
:61:1606030603C6900,00NTRF000983//042220715
:61:1606030603C6900,00NTRF000173//044525716
:61:1606030603C6900,71NTRF000945//047144851
:61:1606030603C6930,00NTRF000900//044525487
:61:1606030603C6938,40NTRF000622//044525225
:61:1606030603C7000,00NTRF000607//044579326
:61:1606030603C7000,00NTRF000410//044525225
:61:1606030603C7000,00NTRF000990//046577900
:61:1606030603C7035,65NTRF000889//044525187
:61:1606030603C7043,67NTRF000815//045773001
:61:1606030603C7050,04NTRF000443//046311649
:61:1606030603C7050,97NTRF068772//046577906
:61:1606030603C7073,81NTRF000664//045209673
:61:1606030603C7080,00NTRF000948//044525700
:61:1606030603C7085,78NTRF000893//044525187
:61:1606030603C7086,50NTRF068773//042520607
:61:1606030603C7103,27NTRF000679//044525202
:61:1606030603C7146,00NTRF000905//044525225
:61:1606030603C7186,04NTRF000716//044525225
:61:1606030603C7191,00NTRF000754//044525225
:61:1606030603C7200,00NTRF000413//044525225
:61:1606030603C7221,60NTRF000590//044525225
:61:1606030603C7228,68NTRF068779//045209673
:61:1606030603C7324,09NTRF000890//044525187
:61:1606030603C7380,00NTRF000463//048073770
:61:1606030603C7451,00NTRF000389//044525545
:61:1606030603C7500,00NTRF000407//044525243
:61:1606030603C7500,00NTRF000045//044585238
:61:1606030603C7500,00NTRF000044//044585238
:61:1606030603C7500,00NTRF000043//044585238
:61:1606030603C7500,00NTRF000447//044525202
:61:1606030603C7500,00NTRF000412//044525202
:61:1606030603C7500,00NTRF000602//044579326
:61:1606030603C7500,27NTRF000670//049205603
:61:1606030603C7500,60NTRF000098//040407627
:61:1606030603C7501,14NTRF000715//042520607
:61:1606030603C7510,00NTRF000090//040407627
:61:1606030603C7566,00NTRF000098//044525562
:61:1606030603C7596,12NTRF000033//048602673
:61:1606030603C7632,79NTRF000333//044525232
:61:1606030603C7786,80NTRF000700//044525225
:61:1606030603C7788,00NTRF000989//044525700
:61:1606030603C7789,87NTRF000947//042202747
:61:1606030603C7800,00NTRF000815//044525225
:61:1606030603C7800,00NTRF000892//044525225
:61:1606030603C7830,00NTRF000004//042202603
:61:1606030603C7832,20NTRF000674//045209673
:61:1606030603C7864,64NTRF000334//044525232
:61:1606030603C7886,98NTRF000015//044525351
:61:1606030603C7949,78NTRF000439//044525823
:61:1606030603C8000,00NTRF000761//044525225
:61:1606030603C8000,00NTRF000046//044585238
:61:1606030603C8000,00NTRF000613//044525716
:61:1606030603C8000,00NTRF000856//044525225
:61:1606030603C8000,00NTRF000645//044525225
:61:1606030603C8000,00NTRF000817//044525225
:61:1606030603C8000,00NTRF000822//044525225
:61:1606030603C8000,00NTRF000739//044525225
:61:1606030603C8000,00NTRF000725//044525225
:61:1606030603C8000,00NTRF000298//043735650
:61:1606030603C8000,00NTRF068775//044525225
:61:1606030603C8020,14NTRF000873//044525187
:61:1606030603C8093,80NTRF000945//042202747
:61:1606030603C8100,00NTRF000031//044579647
:61:1606030603C8100,00NTRF000943//044525201
:61:1606030603C8147,95NTRF000971//044525225
:61:1606030603C8202,00NTRF000611//044579326
:61:1606030603C8234,97NTRF000559//049205603
:61:1606030603C8369,80NTRF068777//046577906
:61:1606030603C8400,00NTRF000409//044525225
:61:1606030603C8415,80NTRF000983//044525225
:61:1606030603C8485,97NTRF000693//046577756
:61:1606030603C8495,00NTRF000520//044583001
:61:1606030603C8497,00NTRF068773//044525225
:61:1606030603C8500,00NTRF000005//044525225
:61:1606030603C8500,00NTRF000014//044525225
:61:1606030603C8547,00NTRF000620//044525202
:61:1606030603C8560,00NTRF000621//044525202
:61:1606030603C8639,16NTRF000715//044525225
:61:1606030603C8685,87NTRF000056//044030858
:61:1606030603C8694,90NTRF000622//042202841
:61:1606030603C8730,91NTRF000880//044525187
:61:1606030603C8750,00NTRF000586//044552200
:61:1606030603C8785,67NTRF000759//044583368
:61:1606030603C8800,00NTRF000779//044525957
:61:1606030603C8940,00NTRF000538//044525225
:61:1606030603C8960,00NTRF000597//044525225
:61:1606030603C8960,00NTRF000618//044525225
:61:1606030603C8960,00NTRF000558//044525225
:61:1606030603C8960,00NTRF000516//044583001
:61:1606030603C8990,00NTRF000442//044525225
:61:1606030603C9000,00NTRF000620//044525181
:61:1606030603C9000,00NTRF000698//044583151
:61:1606030603C9000,00NTRF000749//044525225
:61:1606030603C9000,00NTRF000748//044525225
:61:1606030603C9000,00NTRF000724//044525225
:61:1606030603C9000,00NTRF000702//044525225
:61:1606030603C9000,00NTRF000696//044525225
:61:1606030603C9000,00NTRF000695//044525225
:61:1606030603C9000,00NTRF000719//044525225
:61:1606030603C9000,00NTRF000726//044525225
:61:1606030603C9000,00NTRF000717//044525225
:61:1606030603C9000,00NTRF000675//044525225
:61:1606030603C9000,00NTRF000676//044525225
:61:1606030603C9000,00NTRF000670//044525225
:61:1606030603C9000,00NTRF000673//044525225
:61:1606030603C9000,00NTRF000671//044525225
:61:1606030603C9000,00NTRF000552//044525225
:61:1606030603C9000,00NTRF000572//044525225
:61:1606030603C9000,00NTRF000573//044525225
:61:1606030603C9000,00NTRF000588//044525225
:61:1606030603C9000,00NTRF000594//044525225
:61:1606030603C9000,00NTRF000593//044525225
:61:1606030603C9000,00NTRF000592//044525225
:61:1606030603C9000,00NTRF000619//044525225
:61:1606030603C9000,00NTRF000615//044525225
:61:1606030603C9000,00NTRF000613//044525225
:61:1606030603C9000,00NTRF000657//041806647
:61:1606030603C9000,00NTRF000622//044583848
:61:1606030603C9000,00NTRF000612//044525225
:61:1606030603C9000,00NTRF000609//044525225
:61:1606030603C9000,00NTRF000879//044525225
:61:1606030603C9000,00NTRF000867//044525225
:61:1606030603C9000,00NTRF000868//044525225
:61:1606030603C9000,00NTRF000875//044525225
:61:1606030603C9000,00NTRF000862//044525225
:61:1606030603C9000,00NTRF000863//044525225
:61:1606030603C9000,00NTRF000866//044525225
:61:1606030603C9000,00NTRF000857//044525225
:61:1606030603C9000,00NTRF000855//044525225
:61:1606030603C9000,00NTRF000742//044525225
:61:1606030603C9000,00NTRF000522//044525225
:61:1606030603C9000,00NTRF000524//044525225
:61:1606030603C9000,00NTRF000653//044525225
:61:1606030603C9000,00NTRF000652//044525225
:61:1606030603C9000,00NTRF000794//044525225
:61:1606030603C9000,00NTRF000502//044525225
:61:1606030603C9000,00NTRF000501//044525225
:61:1606030603C9000,00NTRF000792//044525225
:61:1606030603C9000,00NTRF000542//044525225
:61:1606030603C9000,00NTRF000532//044525225
:61:1606030603C9000,00NTRF000526//044525225
:61:1606030603C9000,00NTRF000762//044525225
:61:1606030603C9000,00NTRF000773//044525225
:61:1606030603C9000,00NTRF000769//044525225
:61:1606030603C9000,00NTRF000768//044525225
:61:1606030603C9000,00NTRF000778//044525225
:61:1606030603C9000,00NTRF000779//044525225
:61:1606030603C9000,00NTRF000632//044525225
:61:1606030603C9000,00NTRF000833//044525225
:61:1606030603C9000,00NTRF000829//044525225
:61:1606030603C9000,00NTRF000828//044525225
:61:1606030603C9000,00NTRF000740//044525225
:61:1606030603C9000,00NTRF000816//044525225
:61:1606030603C9000,00NTRF000846//044525225
:61:1606030603C9000,00NTRF000507//044525225
:61:1606030603C9000,00NTRF000503//044525225
:61:1606030603C9000,00NTRF000508//044525225
:61:1606030603C9000,00NTRF000524//044030791
:61:1606030603C9000,00NTRF068773//044525225
:61:1606030603C9000,00NTRF000528//044525225
:61:1606030603C9000,00NTRF000795//044525225
:61:1606030603C9000,00NTRF000521//044525225
:61:1606030603C9000,00NTRF000894//044525225
:61:1606030603C9000,00NTRF000896//044525225
:61:1606030603C9000,00NTRF000898//044525225
:61:1606030603C9000,00NTRF000904//044525225
:61:1606030603C9000,00NTRF000908//044525225
:61:1606030603C9000,00NTRF000621//044525181
:61:1606030603C9039,00NTRF000393//044030723
:61:1606030603C9089,00NTRF000609//040813608
:61:1606030603C9102,00NTRF000782//043601607
:61:1606030603C9110,00NTRF000409//044525700
:61:1606030603C9111,50NTRF000697//046614632
:61:1606030603C9197,98NTRF000724//044030706
:61:1606030603C9201,04NTRF000872//044525187
:61:1606030603C9403,88NTRF000939//044525232
:61:1606030603C9431,92NTRF000725//044525202
:61:1606030603C9500,00NTRF000015//043601607
:61:1606030603C9511,00NTRF000523//043601872
:61:1606030603C9520,79NTRF000884//046577795
:61:1606030603C9561,00NTRF000725//044525716
:61:1606030603C9600,00NTRF000413//040507705
:61:1606030603C9758,69NTRF000599//044525202
:61:1606030603C9760,00NTRF000713//044525716
:61:1606030603C9784,38NTRF000950//040702703
:61:1606030603C9832,36NTRF000700//046577674
:61:1606030603C9860,00NTRF000888//044525225
:61:1606030603C9875,59NTRF000561//045655635
:61:1606030603C9999,78NTRF000712//049205603
:61:1606030603C9999,78NTRF000695//049205603
:61:1606030603C10000,00NTRF000812//044525219
:61:1606030603C10000,00NTRF000075//041806647
:61:1606030603C10000,00NTRF000272//044525225
:61:1606030603C10000,00NTRF000414//044525202
:61:1606030603C10000,00NTRF000092//040436819
:61:1606030603C10000,00NTRF000094//040407627
:61:1606030603C10000,00NTRF000411//044525202
:61:1606030603C10000,00NTRF000300//047501602
:61:1606030603C10000,00NTRF000303//045773873
:61:1606030603C10000,00NTRF000639//044525225
:61:1606030603C10000,00NTRF000296//048073601
:61:1606030603C10000,00NTRF000294//048073601
:61:1606030603C10000,00NTRF000575//044525202
:61:1606030603C10000,00NTRF000576//042202603
:61:1606030603C10000,00NTRF000578//044030848
:61:1606030603C10000,00NTRF000959//044525225
:61:1606030603C10000,00NTRF000705//044525225
:61:1606030603C10025,05NTRF000662//040702660
:61:1606030603C10030,00NTRF000814//044525225
:61:1606030603C10080,00NTRF000443//046015602
:61:1606030603C10127,00NTRF000782//043601706
:61:1606030603C10165,09NTRF000660//040349602
:61:1606030603C10170,00NTRF000905//044525225
:61:1606030603C10219,00NTRF000861//044525243
:61:1606030603C10269,61NTRF000975//044525222
:61:1606030603C10300,16NTRF000226//044525232
:61:1606030603C10407,60NTRF000865//044525593
:61:1606030603C10420,00NTRF000427//045004725
:61:1606030603C10500,00NTRF000812//040407627
:61:1606030603C10518,56NTRF000971//041117601
:61:1606030603C10537,27NTRF000555//042202603
:61:1606030603C10566,82NTRF000666//045402601
:61:1606030603C10671,92NTRF000848//044525957
:61:1606030603C10714,63NTRF000703//046577896
:61:1606030603C10728,81NTRF000926//049240759
:61:1606030603C10786,50NTRF000832//044525545
:61:1606030603C10800,00NTRF000412//044525225
:61:1606030603C10827,35NTRF000864//044525202
:61:1606030603C11000,00NTRF000099//040484333
:61:1606030603C11128,53NTRF000614//044525787
:61:1606030603C11142,86NTRF068775//046577906
:61:1606030603C11163,00NTRF000726//042809921
:61:1606030603C11267,35NTRF000644//044959698
:61:1606030603C11304,00NTRF000418//045004821
:61:1606030603C11320,00NTRF000619//044525202
:61:1606030603C11388,38NTRF000550//044525202
:61:1606030603C11404,92NTRF000227//044525831
:61:1606030603C11478,12NTRF000569//049706609
:61:1606030603C11500,00NTRF000631//044525202
:61:1606030603C11500,00NTRF000115//040407627
:61:1606030603C11500,00NTRF000116//040407627
:61:1606030603C11500,00NTRF000084//040407627
:61:1606030603C11500,00NTRF000082//040407627
:61:1606030603C11500,00NTRF000632//045773856
:61:1606030603C11604,31NTRF000979//049401601
:61:1606030603C11634,01NTRF000667//045402601
:61:1606030603C11642,00NTRF000545//044552675
:61:1606030603C11693,00NTRF000403//044525202
:61:1606030603C11700,00NTRF000414//041012603
:61:1606030603C11800,00NTRF000602//044525487
:61:1606030603C11950,00NTRF000659//044525700
:61:1606030603C12000,00NTRF000708//044525225
:61:1606030603C12000,00NTRF000699//044525225
:61:1606030603C12000,00NTRF000700//044525225
:61:1606030603C12000,00NTRF000546//044525225
:61:1606030603C12000,00NTRF000584//044525225
:61:1606030603C12000,00NTRF000560//044525225
:61:1606030603C12000,00NTRF000579//044525225
:61:1606030603C12000,00NTRF000678//042520607
:61:1606030603C12000,00NTRF000599//044525225
:61:1606030603C12000,00NTRF000096//040407627
:61:1606030603C12000,00NTRF000102//040407627
:61:1606030603C12000,00NTRF000623//044525225
:61:1606030603C12000,00NTRF000620//044525225
:61:1606030603C12000,00NTRF000858//044525225
:61:1606030603C12000,00NTRF000852//044525225
:61:1606030603C12000,00NTRF000743//044525225
:61:1606030603C12000,00NTRF000424//046577674
:61:1606030603C12000,00NTRF000629//044525225
:61:1606030603C12000,00NTRF000608//044525225
:61:1606030603C12000,00NTRF000830//044525225
:61:1606030603C12000,00NTRF000841//044525225
:61:1606030603C12000,00NTRF000733//044525225
:61:1606030603C12000,00NTRF000735//044525225
:61:1606030603C12000,00NTRF000741//044525225
:61:1606030603C12000,00NTRF000729//044525225
:61:1606030603C12000,00NTRF000750//044525225
:61:1606030603C12000,00NTRF000847//044525225
:61:1606030603C12000,00NTRF000876//044525225
:61:1606030603C12000,00NTRF000882//044525225
:61:1606030603C12000,00NTRF000881//044525225
:61:1606030603C12000,00NTRF000872//044525225
:61:1606030603C12000,00NTRF000869//044525225
:61:1606030603C12000,00NTRF000823//044525225
:61:1606030603C12000,00NTRF000827//044525225
:61:1606030603C12000,00NTRF000809//044525225
:61:1606030603C12000,00NTRF000535//044525225
:61:1606030603C12000,00NTRF000536//044525225
:61:1606030603C12000,00NTRF068772//044525225
:61:1606030603C12000,00NTRF000643//044525225
:61:1606030603C12000,00NTRF000642//044525225
:61:1606030603C12000,00NTRF000640//044525225
:61:1606030603C12000,00NTRF000527//044525225
:61:1606030603C12000,00NTRF000760//044525225
:61:1606030603C12000,00NTRF000782//044525225
:61:1606030603C12000,00NTRF000790//044525225
:61:1606030603C12000,00NTRF000691//044525225
:61:1606030603C12000,00NTRF000692//044525225
:61:1606030603C12000,00NTRF068776//044525225
:61:1606030603C12000,00NTRF000678//044525225
:61:1606030603C12000,00NTRF000650//044525225
:61:1606030603C12000,00NTRF000651//044525225
:61:1606030603C12000,00NTRF000052//044525225
:61:1606030603C12000,00NTRF000510//044525225
:61:1606030603C12000,00NTRF000714//044525225
:61:1606030603C12000,00NTRF000674//044525225
:61:1606030603C12000,00NTRF000892//044525225
:61:1606030603C12000,00NTRF000891//044525225
:61:1606030603C12000,00NTRF000907//044525225
:61:1606030603C12000,00NTRF000906//044525225
:61:1606030603C12000,00NTRF000918//044525225
:61:1606030603C12000,00NTRF000706//044525225
:61:1606030603C12000,00NTRF000712//044525225
:61:1606030603C12000,00NTRF000713//044525225
:61:1606030603C12000,00NTRF000668//044525225
:61:1606030603C12000,00NTRF000669//044525225
:61:1606030603C12000,00NTRF000704//044525225
:61:1606030603C12000,00NTRF000709//044525225
:61:1606030603C12035,00NTRF000612//044525716
:61:1606030603C12036,00NTRF000102//042282881
:61:1606030603C12053,92NTRF000038//044030811
:61:1606030603C12100,00NTRF068771//044585460
:61:1606030603C12225,88NTRF000620//044585777
:61:1606030603C12293,00NTRF000076//044206604
:61:1606030603C12350,00NTRF000382//044525225
:61:1606030603C12380,00NTRF000600//044525202
:61:1606030603C12410,83NTRF000730//044525225
:61:1606030603C12437,88NTRF068771//045354601
:61:1606030603C12500,16NTRF000729//049205603
:61:1606030603C12500,16NTRF068773//049205603
:61:1606030603C12503,50NTRF000110//040407627
:61:1606030603C12600,70NTRF000702//044525225
:61:1606030603C12666,26NTRF000573//049205603
:61:1606030603C12678,94NTRF000624//042809679
:61:1606030603C12870,70NTRF068770//047501982
:61:1606030603C12908,30NTRF000416//044525593
:61:1606030603C12943,54NTRF000570//048071902
:61:1606030603C12948,35NTRF000876//044525187
:61:1606030603C12990,00NTRF000601//044525202
:61:1606030603C13000,00NTRF000851//044525225
:61:1606030603C13000,00NTRF000077//040407627
:61:1606030603C13000,00NTRF000520//044525225
:61:1606030603C13000,00NTRF000048//041403633
:61:1606030603C13007,00NTRF000229//044525787
:61:1606030603C13050,00NTRF000944//044030775
:61:1606030603C13055,00NTRF000025//044030904
:61:1606030603C13200,00NTRF000037//044525700
:61:1606030603C13230,00NTRF000662//046910702
:61:1606030603C13404,09NTRF000109//042294000
:61:1606030603C13499,20NTRF000727//046126792
:61:1606030603C13500,00NTRF000076//040407627
:61:1606030603C13568,00NTRF000433//042748705
:61:1606030603C13612,82NTRF000887//044525187
:61:1606030603C13613,00NTRF000666//046577795
:61:1606030603C13740,00NTRF000810//040349602
:61:1606030603C13830,57NTRF000933//049205603
:61:1606030603C13839,67NTRF000991//044525700
:61:1606030603C13860,28NTRF000143//044525187
:61:1606030603C13864,14NTRF000677//047888670
:61:1606030603C13865,72NTRF000929//045005750
:61:1606030603C13883,33NTRF000274//044525700
:61:1606030603C13904,54NTRF000657//044525593
:61:1606030603C14000,00NTRF000721//044525225
:61:1606030603C14000,00NTRF000718//044525225
:61:1606030603C14000,00NTRF000529//044525225
:61:1606030603C14000,00NTRF000806//044525225
:61:1606030603C14000,00NTRF000514//044525225
:61:1606030603C14000,00NTRF000513//044525225
:61:1606030603C14000,00NTRF000796//044525225
:61:1606030603C14000,00NTRF000516//044525225
:61:1606030603C14000,00NTRF000518//044525225
:61:1606030603C14000,00NTRF000797//044525225
:61:1606030603C14000,00NTRF000517//044525225
:61:1606030603C14000,00NTRF000800//044525225
:61:1606030603C14000,00NTRF000519//044525225
:61:1606030603C14000,00NTRF000799//044525225
:61:1606030603C14000,00NTRF000820//044525225
:61:1606030603C14000,00NTRF000540//044525225
:61:1606030603C14000,00NTRF000818//044525225
:61:1606030603C14000,00NTRF000523//044525225
:61:1606030603C14000,00NTRF000801//044525225
:61:1606030603C14000,00NTRF000656//044525225
:61:1606030603C14000,00NTRF000655//044525225
:61:1606030603C14000,00NTRF000648//044525225
:61:1606030603C14000,00NTRF000647//044525225
:61:1606030603C14000,00NTRF000500//044525225
:61:1606030603C14000,00NTRF000789//044525225
:61:1606030603C14000,00NTRF000765//044525225
:61:1606030603C14000,00NTRF000763//044525225
:61:1606030603C14000,00NTRF000764//044525225
:61:1606030603C14000,00NTRF000537//044525225
:61:1606030603C14000,00NTRF000826//044525225
:61:1606030603C14000,00NTRF000509//044525225
:61:1606030603C14000,00NTRF000506//044525225
:61:1606030603C14000,00NTRF000664//044525225
:61:1606030603C14000,00NTRF000665//044525225
:61:1606030603C14000,00NTRF000715//044525225
:61:1606030603C14000,00NTRF000672//044525225
:61:1606030603C14000,00NTRF000883//044525225
:61:1606030603C14000,00NTRF000884//044525225
:61:1606030603C14000,00NTRF000893//044525225
:61:1606030603C14000,00NTRF000900//044525225
:61:1606030603C14000,00NTRF000901//044525225
:61:1606030603C14000,00NTRF000903//044525225
:61:1606030603C14000,00NTRF000909//044525225
:61:1606030603C14000,00NTRF000911//044525225
:61:1606030603C14000,00NTRF000910//044525225
:61:1606030603C14000,00NTRF000915//044525225
:61:1606030603C14000,00NTRF000913//044525225
:61:1606030603C14000,00NTRF000912//044525225
:61:1606030603C14000,00NTRF000914//044525225
:61:1606030603C14000,00NTRF000919//044525225
:61:1606030603C14000,00NTRF000917//044525225
:61:1606030603C14000,00NTRF000916//044525225
:61:1606030603C14000,00NTRF068774//044525225
:61:1606030603C14000,00NTRF068771//044525225
:61:1606030603C14000,00NTRF068778//044525225
:61:1606030603C14000,00NTRF000723//044525225
:61:1606030603C14000,00NTRF000720//044525225
:61:1606030603C14000,00NTRF000710//044525225
:61:1606030603C14000,00NTRF000716//044525225
:61:1606030603C14000,00NTRF000667//044525225
:61:1606030603C14000,00NTRF000662//044525225
:61:1606030603C14000,00NTRF000703//044525225
:61:1606030603C14000,00NTRF000705//044525225
:61:1606030603C14000,00NTRF000706//044525225
:61:1606030603C14000,00NTRF000694//044525225
:61:1606030603C14000,00NTRF000697//044525225
:61:1606030603C14000,00NTRF000834//044525225
:61:1606030603C14000,00NTRF000736//044525225
:61:1606030603C14000,00NTRF000738//044525225
:61:1606030603C14000,00NTRF000737//044525225
:61:1606030603C14000,00NTRF000727//044525225
:61:1606030603C14000,00NTRF000728//044525225
:61:1606030603C14000,00NTRF000732//044525225
:61:1606030603C14000,00NTRF000734//044525225
:61:1606030603C14000,00NTRF000751//044525225
:61:1606030603C14000,00NTRF000755//044525225
:61:1606030603C14000,00NTRF000752//044525225
:61:1606030603C14000,00NTRF000756//044525225
:61:1606030603C14000,00NTRF000753//044525225
:61:1606030603C14000,00NTRF000757//044525225
:61:1606030603C14000,00NTRF000754//044525225
:61:1606030603C14000,00NTRF000815//044525225
:61:1606030603C14000,00NTRF000812//044525225
:61:1606030603C14000,00NTRF000534//044525225
:61:1606030603C14000,00NTRF000533//044525225
:61:1606030603C14000,00NTRF000850//044525225
:61:1606030603C14000,00NTRF000848//044525225
:61:1606030603C14000,00NTRF000849//044525225
:61:1606030603C14000,00NTRF000874//044525225
:61:1606030603C14000,00NTRF000877//044525225
:61:1606030603C14000,00NTRF000880//044525225
:61:1606030603C14000,00NTRF000878//044525225
:61:1606030603C14000,00NTRF000870//044525225
:61:1606030603C14000,00NTRF000871//044525225
:61:1606030603C14000,00NTRF000824//044525225
:61:1606030603C14000,00NTRF000541//044525716
:61:1606030603C14000,00NTRF000811//044525225
:61:1606030603C14000,00NTRF000808//044525225
:61:1606030603C14000,00NTRF000810//044525225
:61:1606030603C14000,00NTRF068771//044525225
:61:1606030603C14000,00NTRF000646//044525225
:61:1606030603C14000,00NTRF000644//044525225
:61:1606030603C14000,00NTRF000641//044525225
:61:1606030603C14000,00NTRF000635//044525225
:61:1606030603C14000,00NTRF000634//044525225
:61:1606030603C14000,00NTRF000803//044525225
:61:1606030603C14000,00NTRF000802//044525225
:61:1606030603C14000,00NTRF000805//044525225
:61:1606030603C14000,00NTRF000759//044525225
:61:1606030603C14000,00NTRF000758//044525225
:61:1606030603C14000,00NTRF000772//044525225
:61:1606030603C14000,00NTRF000770//044525225
:61:1606030603C14000,00NTRF000767//044525225
:61:1606030603C14000,00NTRF000766//044525225
:61:1606030603C14000,00NTRF000781//044525225
:61:1606030603C14000,00NTRF000776//044525225
:61:1606030603C14000,00NTRF000774//044525225
:61:1606030603C14000,00NTRF000775//044525225
:61:1606030603C14000,00NTRF000633//044525225
:61:1606030603C14000,00NTRF000631//044525225
:61:1606030603C14000,00NTRF000661//044525225
:61:1606030603C14000,00NTRF000659//044525225
:61:1606030603C14000,00NTRF000660//044525225
:61:1606030603C14000,00NTRF000658//044525225
:61:1606030603C14000,00NTRF000693//044525225
:61:1606030603C14000,00NTRF068777//044525225
:61:1606030603C14000,00NTRF000690//044525225
:61:1606030603C14000,00NTRF687744//044525225
:61:1606030603C14000,00NTRF068770//044525225
:61:1606030603C14000,00NTRF000679//044525225
:61:1606030603C14000,00NTRF000550//044525225
:61:1606030603C14000,00NTRF000543//044525225
:61:1606030603C14000,00NTRF000577//044525225
:61:1606030603C14000,00NTRF000576//044525225
:61:1606030603C14000,00NTRF000575//044525225
:61:1606030603C14000,00NTRF000589//044525225
:61:1606030603C14000,00NTRF000586//044525225
:61:1606030603C14000,00NTRF000595//044525225
:61:1606030603C14000,00NTRF000596//044525225
:61:1606030603C14000,00NTRF000591//044525225
:61:1606030603C14000,00NTRF000590//044525225
:61:1606030603C14000,00NTRF000920//044525225
:61:1606030603C14000,00NTRF000544//044525225
:61:1606030603C14000,00NTRF000545//044525225
:61:1606030603C14000,00NTRF000556//044525225
:61:1606030603C14000,00NTRF000548//044525225
:61:1606030603C14000,00NTRF000554//044525225
:61:1606030603C14000,00NTRF000551//044525225
:61:1606030603C14000,00NTRF000563//044525225
:61:1606030603C14000,00NTRF000564//044525225
:61:1606030603C14000,00NTRF000566//044525225
:61:1606030603C14000,00NTRF000557//044525225
:61:1606030603C14000,00NTRF000562//044525225
:61:1606030603C14000,00NTRF000570//044525225
:61:1606030603C14000,00NTRF000565//044525225
:61:1606030603C14000,00NTRF000569//044525225
:61:1606030603C14000,00NTRF000580//044525225
:61:1606030603C14000,00NTRF000547//044525225
:61:1606030603C14000,00NTRF000605//044525225
:61:1606030603C14000,00NTRF000603//044525225
:61:1606030603C14000,00NTRF000600//044525225
:61:1606030603C14000,00NTRF000601//044525225
:61:1606030603C14000,00NTRF000598//044525225
:61:1606030603C14000,00NTRF000626//044525225
:61:1606030603C14000,00NTRF000624//044525225
:61:1606030603C14000,00NTRF000621//044525225
:61:1606030603C14000,00NTRF000617//044525225
:61:1606030603C14000,00NTRF000614//044525225
:61:1606030603C14000,00NTRF000083//040407627
:61:1606030603C14000,00NTRF000860//044525225
:61:1606030603C14000,00NTRF000861//044525225
:61:1606030603C14000,00NTRF000864//044525225
:61:1606030603C14000,00NTRF000865//044525225
:61:1606030603C14000,00NTRF000785//044525225
:61:1606030603C14000,00NTRF000787//044525225
:61:1606030603C14000,00NTRF000783//044552350
:61:1606030603C14000,00NTRF000786//044525716
:61:1606030603C14000,00NTRF000780//044525225
:61:1606030603C14000,00NTRF000784//044525225
:61:1606030603C14000,00NTRF000845//044525225
:61:1606030603C14000,00NTRF000853//044525225
:61:1606030603C14000,00NTRF000835//044525225
:61:1606030603C14000,00NTRF000745//044525225
:61:1606030603C14000,00NTRF000747//044525225
:61:1606030603C14000,00NTRF000625//044525225
:61:1606030603C14000,00NTRF000611//044525225
:61:1606030603C14000,00NTRF000610//044525225
:61:1606030603C14000,00NTRF000607//044525225
:61:1606030603C14000,00NTRF000604//044525225
:61:1606030603C14000,00NTRF000831//044525225
:61:1606030603C14000,00NTRF000844//044525225
:61:1606030603C14000,00NTRF000840//044525225
:61:1606030603C14000,00NTRF000838//044525225
:61:1606030603C14000,00NTRF000836//044525225
:61:1606030603C14000,51NTRF000055//044030858
:61:1606030603C14070,61NTRF000968//042202889
:61:1606030603C14180,00NTRF000888//044579476
:61:1606030603C14291,00NTRF000924//044525225
:61:1606030603C14331,65NTRF000663//044525225
:61:1606030603C14356,00NTRF000937//044525600
:61:1606030603C14400,00NTRF000784//043601607
:61:1606030603C14500,00NTRF000577//049205603
:61:1606030603C14550,00NTRF000594//046577952
:61:1606030603C14600,00NTRF000011//043601607
:61:1606030603C14650,00NTRF000832//044583104
:61:1606030603C14700,00NTRF000585//044525716
:61:1606030603C14701,79NTRF000866//044552743
:61:1606030603C14755,00NTRF000462//040507803
:61:1606030603C14789,55NTRF000741//044525225
:61:1606030603C14835,00NTRF000449//044030653
:61:1606030603C14923,00NTRF000441//044552989
:61:1606030603C14937,81NTRF000622//042809679
:61:1606030603C14999,88NTRF000129//041403633
:61:1606030603C14999,88NTRF000128//041403633
:61:1606030603C15000,00NTRF068774//046015602
:61:1606030603C15000,00NTRF000394//044525700
:61:1606030603C15000,00NTRF000097//040407627
:61:1606030603C15000,00NTRF000095//040407627
:61:1606030603C15000,00NTRF000712//044525716
:61:1606030603C15000,00NTRF000080//040407627
:61:1606030603C15000,00NTRF000079//040484759
:61:1606030603C15000,00NTRF000085//040407627
:61:1606030603C15000,00NTRF000892//044583267
:61:1606030603C15000,00NTRF000804//044525225
:61:1606030603C15000,00NTRF000626//044525700
:61:1606030603C15000,00NTRF000396//046015991
:61:1606030603C15000,00NTRF000253//044030653
:61:1606030603C15050,00NTRF000752//044695151
:61:1606030603C15138,36NTRF000560//048073601
:61:1606030603C15167,23NTRF000698//044525225
:61:1606030603C15180,00NTRF000726//044585297
:61:1606030603C15250,00NTRF000262//044525767
:61:1606030603C15300,00NTRF000338//044583151
:61:1606030603C15471,85NTRF000678//047501602
:61:1606030603C15541,00NTRF000901//044525225
:61:1606030603C15562,62NTRF000013//044525202
:61:1606030603C15576,07NTRF000321//044030804
:61:1606030603C15651,00NTRF000327//044552989
:61:1606030603C15685,00NTRF000395//044525986
:61:1606030603C15764,83NTRF000060//044030858
:61:1606030603C15769,00NTRF000247//044030790
:61:1606030603C15800,00NTRF000813//044525225
:61:1606030603C15864,08NTRF000072//044030858
:61:1606030603C15980,00NTRF000662//044583119
:61:1606030603C16000,00NTRF000582//044525225
:61:1606030603C16000,00NTRF000571//044525225
:61:1606030603C16000,00NTRF000602//044525225
:61:1606030603C16000,00NTRF000851//044525225
:61:1606030603C16000,00NTRF000627//044525225
:61:1606030603C16000,00NTRF000606//044525225
:61:1606030603C16000,00NTRF000825//044525225
:61:1606030603C16000,00NTRF000837//044525225
:61:1606030603C16000,00NTRF000702//044525225
:61:1606030603C16000,00NTRF000873//044525225
:61:1606030603C16000,00NTRF000525//044525225
:61:1606030603C16000,00NTRF000657//044525225
:61:1606030603C16000,00NTRF000819//044525225
:61:1606030603C16000,00NTRF000666//044525225
:61:1606030603C16000,00NTRF000886//044525225
:61:1606030603C16000,00NTRF000885//044525225
:61:1606030603C16000,00NTRF000338//044525225
:61:1606030603C16000,00NTRF068779//044525225
:61:1606030603C16000,00NTRF000698//044525225
:61:1606030603C16000,00NTRF000722//044525225
:61:1606030603C16071,56NTRF000691//043601607
:61:1606030603C16084,24NTRF000056//044525716
:61:1606030603C16108,00NTRF000255//044030858
:61:1606030603C16162,10NTRF000653//046311649
:61:1606030603C16222,99NTRF000722//044585161
:61:1606030603C16233,00NTRF000954//046902606
:61:1606030603C16289,11NTRF000976//044525593
:61:1606030603C16290,42NTRF000428//044579311
:61:1606030603C16292,00NTRF000515//044583001
:61:1606030603C16340,09NTRF000709//044525388
:61:1606030603C16385,13NTRF000643//044525225
:61:1606030603C16431,74NTRF000252//044030858
:61:1606030603C16444,75NTRF000396//044525957
:61:1606030603C16453,92NTRF000174//044525225
:61:1606030603C16496,00NTRF000270//044030858
:61:1606030603C16500,00NTRF000146//044579505
:61:1606030603C16500,18NTRF000268//044030804
:61:1606030603C16520,00NTRF000640//044525448
:61:1606030603C16590,83NTRF000886//045017776
:61:1606030603C16692,53NTRF000557//043601980
:61:1606030603C16697,57NTRF000842//044525219
:61:1606030603C16735,55NTRF000675//049205745
:61:1606030603C16756,00NTRF000871//044525495
:61:1606030603C16769,50NTRF000243//044030858
:61:1606030603C16839,79NTRF000500//044525716
:61:1606030603C17000,00NTRF000549//044525225
:61:1606030603C17000,00NTRF000561//044525225
:61:1606030603C17000,00NTRF000854//044525225
:61:1606030603C17000,00NTRF000839//044525225
:61:1606030603C17000,00NTRF068773//044525225
:61:1606030603C17007,58NTRF000695//047003608
:61:1606030603C17012,69NTRF000699//044525593
:61:1606030603C17033,46NTRF000883//048073770
:61:1606030603C17145,98NTRF000765//044583368
:61:1606030603C17150,00NTRF000442//046126708
:61:1606030603C17290,51NTRF000970//044525225
:61:1606030603C17295,86NTRF000850//044525225
:61:1606030603C17300,00NTRF000747//044525311
:61:1606030603C17323,34NTRF000942//044525225
:61:1606030603C17500,00NTRF000574//044525716
:61:1606030603C17530,00NTRF000087//040484333
:61:1606030603C17685,25NTRF000591//044525225
:61:1606030603C17685,25NTRF000589//044525225
:61:1606030603C17685,25NTRF000590//044525225
:61:1606030603C17700,00NTRF000103//042282881
:61:1606030603C17850,00NTRF000835//044525716
:61:1606030603C17928,45NTRF000657//044525700
:61:1606030603C17962,25NTRF000926//044525600
:61:1606030603C17964,12NTRF000249//044030790
:61:1606030603C18000,00NTRF000583//044525225
:61:1606030603C18000,00NTRF000988//042282751
:61:1606030603C18000,00NTRF000578//044525225
:61:1606030603C18000,00NTRF000093//040407627
:61:1606030603C18000,00NTRF000690//044525225
:61:1606030603C18000,00NTRF000691//044525225
:61:1606030603C18000,00NTRF000531//044525225
:61:1606030603C18000,00NTRF000636//044525225
:61:1606030603C18000,00NTRF000638//044525225
:61:1606030603C18000,00NTRF000807//044525225
:61:1606030603C18000,00NTRF000798//044525225
:61:1606030603C18000,00NTRF000539//044525225
:61:1606030603C18000,00NTRF000649//044525225
:61:1606030603C18000,00NTRF000791//044525225
:61:1606030603C18000,00NTRF000411//044525225
:61:1606030603C18000,00NTRF000887//044525225
:61:1606030603C18000,00NTRF000890//044525225
:61:1606030603C18000,00NTRF000699//044525225
:61:1606030603C18000,00NTRF000701//044525225
:61:1606030603C18200,00NTRF000843//044959698
:61:1606030603C18241,44NTRF000659//044525202
:61:1606030603C18304,71NTRF000846//044525225
:61:1606030603C18430,00NTRF000939//044525222
:61:1606030603C18816,62NTRF000288//046577971
:61:1606030603C18835,16NTRF000952//044525700
:61:1606030603C18843,20NTRF000757//044525225
:61:1606030603C18890,43NTRF000885//044525187
:61:1606030603C18973,50NTRF000936//044525600
:61:1606030603C19000,00NTRF000842//044525225
:61:1606030603C19000,00NTRF000788//044525225
:61:1606030603C19000,00NTRF000504//044525225
:61:1606030603C19000,00NTRF000016//043601607
:61:1606030603C19000,00NTRF000897//044525225
:61:1606030603C19000,00NTRF000630//044525225
:61:1606030603C19049,10NTRF000642//044583104
:61:1606030603C19094,18NTRF000742//044525545
:61:1606030603C19183,00NTRF000107//040484333
:61:1606030603C19271,45NTRF000977//044525225
:61:1606030603C19357,56NTRF000322//044525225
:61:1606030603C19365,00NTRF000845//044030812
:61:1606030603C19463,45NTRF000053//044030858
:61:1606030603C19505,00NTRF000261//044030858
:61:1606030603C19582,47NTRF000191//044585659
:61:1606030603C19600,00NTRF000142//044525279
:61:1606030603C19617,60NTRF000974//044525907
:61:1606030603C19720,86NTRF000884//044525187
:61:1606030603C19842,00NTRF000392//044525986
:61:1606030603C19877,50NTRF000260//044525545
:61:1606030603C20000,00NTRF000438//040502717
:61:1606030603C20000,00NTRF000257//044525225
:61:1606030603C20000,00NTRF000797//044525232
:61:1606030603C20000,00NTRF000619//044585161
:61:1606030603C20000,00NTRF000421//044525222
:61:1606030603C20000,00NTRF000505//044525225
:61:1606030603C20000,00NTRF000406//044525243
:61:1606030603C20000,00NTRF000677//044525225
:61:1606030603C20000,00NTRF000899//044525225
:61:1606030603C20000,00NTRF000136//044525232
:61:1606030603C20000,00NTRF000117//040407627
:61:1606030603C20000,00NTRF000081//040407627
:61:1606030603C20000,00NTRF000078//040484759
:61:1606030603C20095,65NTRF000854//044525225
:61:1606030603C20169,74NTRF000042//044583501
:61:1606030603C20172,40NTRF000572//044525716
:61:1606030603C20355,00NTRF000017//044030858
:61:1606030603C20462,76NTRF000978//044525593
:61:1606030603C20468,05NTRF000050//044030858
:61:1606030603C20572,90NTRF000975//044525225
:61:1606030603C20600,00NTRF000718//044525976
:61:1606030603C20680,00NTRF000405//046577896
:61:1606030603C20738,00NTRF000328//044552989
:61:1606030603C20768,00NTRF000012//044030804
:61:1606030603C20796,58NTRF000400//044525351
:61:1606030603C20880,00NTRF000496//044525716
:61:1606030603C20984,16NTRF000692//043601607
:61:1606030603C21000,00NTRF000695//044525225
:61:1606030603C21000,00NTRF000637//044525225
:61:1606030603C21000,00NTRF000793//044525225
:61:1606030603C21000,00NTRF000871//044583267
:61:1606030603C21000,00NTRF000574//044525225
:61:1606030603C21000,00NTRF000587//044525225
:61:1606030603C21000,00NTRF000555//044525225
:61:1606030603C21000,00NTRF000581//044525225
:61:1606030603C21000,00NTRF000843//044525225
:61:1606030603C21168,02NTRF000384//044583685
:61:1606030603C21250,00NTRF000959//044525831
:61:1606030603C21507,00NTRF000400//044583151
:61:1606030603C21530,00NTRF000875//044030804
:61:1606030603C21532,50NTRF000269//044525545
:61:1606030603C21590,00NTRF000781//046577964
:61:1606030603C21644,05NTRF000639//044030714
:61:1606030603C21661,01NTRF000551//044525716
:61:1606030603C21751,92NTRF000703//041806647
:61:1606030603C21947,00NTRF000903//044525225
:61:1606030603C21960,00NTRF000777//044525060
:61:1606030603C21977,70NTRF000012//043601607
:61:1606030603C22000,00NTRF000731//044525225
:61:1606030603C22000,00NTRF000814//044525225
:61:1606030603C22161,47NTRF000595//044525545
:61:1606030603C22252,72NTRF000955//044579709
:61:1606030603C22269,80NTRF000511//044525225
:61:1606030603C22269,93NTRF000506//044525225
:61:1606030603C22270,14NTRF000502//044583974
:61:1606030603C22270,14NTRF000503//044525225
:61:1606030603C22400,00NTRF000896//044583685
:61:1606030603C22420,54NTRF000890//044525232
:61:1606030603C22421,66NTRF000943//044525787
:61:1606030603C22437,95NTRF000877//046015602
:61:1606030603C22546,26NTRF000589//044525716
:61:1606030603C22665,00NTRF000675//044579326
:61:1606030603C22748,62NTRF000498//044525545
:61:1606030603C22799,70NTRF000934//044525600
:61:1606030603C22837,33NTRF000700//042007681
:61:1606030603C22915,53NTRF000953//044585975
:61:1606030603C22927,00NTRF000514//044583001
:61:1606030603C22953,56NTRF000508//044525700
:61:1606030603C22983,00NTRF000435//044525880
:61:1606030603C23000,00NTRF000703//044525225
:61:1606030603C23000,00NTRF000628//044525225
:61:1606030603C23000,00NTRF000832//044525225
:61:1606030603C23000,00NTRF000821//044525225
:61:1606030603C23000,00NTRF000530//044525225
:61:1606030603C23000,00NTRF000512//044525225
:61:1606030603C23000,00NTRF000902//044525225
:61:1606030603C23000,00NTRF000701//044525225
:61:1606030603C23000,00NTRF000559//044525225
:61:1606030603C23000,00NTRF000568//044525225
:61:1606030603C23316,34NTRF000606//044525202
:61:1606030603C23529,79NTRF000633//042007681
:61:1606030603C23656,80NTRF000522//044525225
:61:1606030603C23671,18NTRF000940//044525848
:61:1606030603C23700,00NTRF000408//044525225
:61:1606030603C23771,69NTRF000265//044525593
:61:1606030603C23806,45NTRF000126//040407627
:61:1606030603C23864,69NTRF000558//049205603
:61:1606030603C24000,00NTRF000615//044525232
:61:1606030603C24000,00NTRF000114//040407627
:61:1606030603C24000,00NTRF000553//044525225
:61:1606030603C24000,00NTRF000895//044525202
:61:1606030603C24000,00NTRF000859//044525225
:61:1606030603C24000,00NTRF000286//046551854
:61:1606030603C24030,00NTRF000399//046015988
:61:1606030603C24120,00NTRF000410//044525700
:61:1606030603C24212,60NTRF000673//042202847
:61:1606030603C24255,97NTRF000704//044525243
:61:1606030603C24308,00NTRF000036//044525957
:61:1606030603C24327,43NTRF000419//045209673
:61:1606030603C24395,50NTRF000509//044525225
:61:1606030603C24395,50NTRF000510//044525700
:61:1606030603C24511,92NTRF000062//044030858
:61:1606030603C24557,28NTRF000632//044525716
:61:1606030603C24594,27NTRF000836//044525225
:61:1606030603C24634,66NTRF000133//040407627
:61:1606030603C24762,53NTRF000868//044525225
:61:1606030603C25000,00NTRF000403//044525700
:61:1606030603C25000,00NTRF000813//044525225
:61:1606030603C25000,00NTRF000515//044525225
:61:1606030603C25000,00NTRF000035//044525225
:61:1606030603C25000,00NTRF000615//044030653
:61:1606030603C25000,00NTRF000692//044525225
:61:1606030603C25000,00NTRF000195//046577906
:61:1606030603C25000,00NTRF000707//044525225
:61:1606030603C25000,50NTRF000132//040484333
:61:1606030603C25000,50NTRF000135//040407627
:61:1606030603C25016,00NTRF000947//044525700
:61:1606030603C25056,00NTRF000063//041806779
:61:1606030603C25091,00NTRF000614//044579326
:61:1606030603C25408,50NTRF000263//044525700
:61:1606030603C25700,00NTRF000711//042202603
:61:1606030603C25770,00NTRF000024//040349602
:61:1606030603C25800,00NTRF000702//044552743
:61:1606030603C25800,00NTRF000712//044552743
:61:1606030603C25800,00NTRF000732//044552743
:61:1606030603C25800,00NTRF000722//044552743
:61:1606030603C26013,00NTRF000109//040407627
:61:1606030603C26642,04NTRF000951//044525700
:61:1606030603C26767,88NTRF000596//044599244
:61:1606030603C26789,77NTRF000654//044525700
:61:1606030603C26805,95NTRF000277//044030804
:61:1606030603C26877,00NTRF000007//044525311
:61:1606030603C26886,04NTRF000654//044585777
:61:1606030603C27000,00NTRF068778//044030653
:61:1606030603C27000,00NTRF000959//043601919
:61:1606030603C27000,00NTRF000744//044525225
:61:1606030603C27225,00NTRF068770//044585460
:61:1606030603C27337,68NTRF000932//042202603
:61:1606030603C27400,00NTRF000420//044525225
:61:1606030603C27486,29NTRF000635//044525202
:61:1606030603C27500,00NTRF000854//044030778
:61:1606030603C27600,00NTRF000124//040407627
:61:1606030603C27644,98NTRF000253//044030858
:61:1606030603C27813,56NTRF000069//044030858
:61:1606030603C28000,00NTRF000017//043601607
:61:1606030603C28000,00NTRF000872//044583267
:61:1606030603C28000,00NTRF000852//044583267
:61:1606030603C28000,00NTRF068775//044525225
:61:1606030603C28000,00NTRF000746//044525225
:61:1606030603C28000,00NTRF000318//046015602
:61:1606030603C28033,00NTRF000264//043601980
:61:1606030603C28054,35NTRF000980//041012733
:61:1606030603C28164,62NTRF000853//044525225
:61:1606030603C28263,22NTRF000883//044525187
:61:1606030603C28372,14NTRF000052//044030858
:61:1606030603C28386,57NTRF000597//044525225
:61:1606030603C28442,48NTRF000063//044030858
:61:1606030603C28608,00NTRF000923//044525225
:61:1606030603C28620,00NTRF000766//044525225
:61:1606030603C28646,70NTRF000691//044579110
:61:1606030603C28700,00NTRF000448//044525593
:61:1606030603C28750,00NTRF000993//044552350
:61:1606030603C28809,70NTRF000652//044585777
:61:1606030603C28840,44NTRF000764//044525225
:61:1606030603C28925,42NTRF000692//044579110
:61:1606030603C29000,00NTRF000704//044525202
:61:1606030603C29248,00NTRF000401//044583151
:61:1606030603C29288,45NTRF000592//044525202
:61:1606030603C29500,00NTRF000012//044525202
:61:1606030603C29505,60NTRF000870//044585297
:61:1606030603C29731,86NTRF000671//044525700
:61:1606030603C29822,76NTRF000051//044030858
:61:1606030603C29900,00NTRF000663//044525225
:61:1606030603C29999,76NTRF000131//040407627
:61:1606030603C30000,00NTRF000242//044525232
:61:1606030603C30000,00NTRF068772//044525225
:61:1606030603C30000,00NTRF000963//044525593
:61:1606030603C30000,00NTRF000661//040349602
:61:1606030603C30000,00NTRF000118//040407627
:61:1606030603C30000,00NTRF000113//044525256
:61:1606030603C30000,00NTRF000771//044525225
:61:1606030603C30000,00NTRF000730//044525225
:61:1606030603C30000,00NTRF000668//044525202
:61:1606030603C30000,00NTRF000806//040349722
:61:1606030603C30000,80NTRF000142//040407627
:61:1606030603C30193,55NTRF000125//040407627
:61:1606030603C30228,36NTRF000425//044525593
:61:1606030603C30300,00NTRF000034//044525545
:61:1606030603C30520,20NTRF000507//044525225
:61:1606030603C30528,96NTRF000852//044552118
:61:1606030603C30680,00NTRF000499//044583303
:61:1606030603C30735,12NTRF000762//044525787
:61:1606030603C30800,00NTRF000074//047003608
:61:1606030603C31000,00NTRF000590//044552866
:61:1606030603C31060,00NTRF000009//044583119
:61:1606030603C31194,00NTRF000246//044525593
:61:1606030603C31461,77NTRF000266//044030858
:61:1606030603C31480,00NTRF000696//044030852
:61:1606030603C31635,80NTRF000070//044583685
:61:1606030603C31868,00NTRF000259//044525545
:61:1606030603C31875,77NTRF000603//049205806
:61:1606030603C31931,10NTRF000415//044579901
:61:1606030603C31993,41NTRF000430//040502717
:61:1606030603C32000,00NTRF000711//044525225
:61:1606030603C32000,00NTRF000654//044525225
:61:1606030603C32080,00NTRF000870//044525787
:61:1606030603C32220,16NTRF000136//040484333
:61:1606030603C32244,14NTRF000634//049205603
:61:1606030603C32258,96NTRF000499//044525202
:61:1606030603C32291,00NTRF000143//044583119
:61:1606030603C32450,82NTRF000078//044030809
:61:1606030603C32463,00NTRF000637//044585777
:61:1606030603C32500,00NTRF000630//044525700
:61:1606030603C32500,00NTRF000628//044525700
:61:1606030603C32500,00NTRF000677//044525225
:61:1606030603C32500,32NTRF000140//046015602
:61:1606030603C32500,32NTRF000139//046015602
:61:1606030603C32500,32NTRF000134//046036297
:61:1606030603C32500,32NTRF000130//040407627
:61:1606030603C32500,32NTRF000137//046036297
:61:1606030603C32565,00NTRF000963//044525225
:61:1606030603C32902,00NTRF000494//044525202
:61:1606030603C32957,40NTRF000656//044585259
:61:1606030603C33000,00NTRF000707//044585659
:61:1606030603C33276,00NTRF000636//044585777
:61:1606030603C33483,00NTRF000761//044583151
:61:1606030603C33518,98NTRF000929//044525600
:61:1606030603C33669,93NTRF000702//046015223
:61:1606030603C33733,84NTRF000067//044525225
:61:1606030603C34000,00NTRF000319//047888670
:61:1606030603C34442,83NTRF000141//044525716
:61:1606030603C34500,00NTRF000405//044525222
:61:1606030603C34564,99NTRF000927//044525502
:61:1606030603C34751,00NTRF000882//044552632
:61:1606030603C34800,00NTRF000150//044030723
:61:1606030603C34840,00NTRF000958//044525225
:61:1606030603C34857,20NTRF000887//044525495
:61:1606030603C35000,00NTRF000176//044525232
:61:1606030603C35000,00NTRF000661//048142733
:61:1606030603C35000,00NTRF000107//042202705
:61:1606030603C35370,69NTRF000283//044525545
:61:1606030603C35666,67NTRF000123//040407627
:61:1606030603C35685,00NTRF000994//042202824
:61:1606030603C35700,00NTRF000864//044583267
:61:1606030603C36013,60NTRF000728//044525225
:61:1606030603C36300,00NTRF000679//044585460
:61:1606030603C36400,00NTRF000865//044583267
:61:1606030603C36438,40NTRF000933//044585250
:61:1606030603C36490,00NTRF000676//044525225
:61:1606030603C36493,30NTRF000943//044525600
:61:1606030603C37000,00NTRF000696//044525225
:61:1606030603C37000,00NTRF000585//044525225
:61:1606030603C37125,00NTRF000147//044525545
:61:1606030603C37181,75NTRF000753//044525181
:61:1606030603C37893,90NTRF000417//044579901
:61:1606030603C37919,72NTRF000504//044525225
:61:1606030603C38000,00NTRF000633//044030768
:61:1606030603C38000,00NTRF068776//044525225
:61:1606030603C38000,00NTRF000694//044525225
:61:1606030603C39000,00NTRF000008//044583119
:61:1606030603C39000,00NTRF000491//044525787
:61:1606030603C39150,00NTRF000151//044525225
:61:1606030603C39493,50NTRF000579//040173604
:61:1606030603C39648,00NTRF000851//044030705
:61:1606030603C39680,90NTRF000493//044525700
:61:1606030603C39700,00NTRF068772//044585460
:61:1606030603C39740,85NTRF000848//044525225
:61:1606030603C39957,48NTRF000869//044585161
:61:1606030603C40000,00NTRF000700//044525225
:61:1606030603C40000,00NTRF068777//044525225
:61:1606030603C40000,00NTRF000122//040407627
:61:1606030603C40000,00NTRF000075//044525225
:61:1606030603C40003,00NTRF000086//040484333
:61:1606030603C40003,00NTRF000088//040407627
:61:1606030603C40093,86NTRF000064//044030858
:61:1606030603C40439,40NTRF000501//044525593
:61:1606030603C40515,11NTRF000287//044030791
:61:1606030603C40535,78NTRF000497//044525700
:61:1606030603C40642,15NTRF000565//043304609
:61:1606030603C40692,30NTRF000963//044525225
:61:1606030603C40844,24NTRF000001//044030791
:61:1606030603C41000,00NTRF068779//044525225
:61:1606030603C41000,00NTRF000697//044525225
:61:1606030603C41136,00NTRF000144//044583119
:61:1606030603C41285,20NTRF000105//044206604
:61:1606030603C41335,00NTRF000416//044583151
:61:1606030603C41650,40NTRF000865//044525256
:61:1606030603C41682,49NTRF000108//043807606
:61:1606030603C41981,00NTRF000870//044579273
:61:1606030603C41985,25NTRF000977//047102651
:61:1606030603C42138,42NTRF000519//044525225
:61:1606030603C42320,00NTRF000646//044959698
:61:1606030603C42499,58NTRF000127//046036297
:61:1606030603C43185,00NTRF000026//044030904
:61:1606030603C43720,00NTRF000960//044525225
:61:1606030603C43875,00NTRF000146//044525545
:61:1606030603C44000,00NTRF000742//044552743
:61:1606030603C44002,20NTRF000275//040349541
:61:1606030603C44350,21NTRF000942//044525600
:61:1606030603C44742,57NTRF000152//044525202
:61:1606030603C44840,00NTRF000193//046614632
:61:1606030603C44840,00NTRF000428//044030653
:61:1606030603C44845,78NTRF000621//044585122
:61:1606030603C45000,00NTRF000611//040407627
:61:1606030603C45000,00NTRF000785//043601607
:61:1606030603C45003,16NTRF000058//044030858
:61:1606030603C45436,12NTRF000946//042511741
:61:1606030603C45676,91NTRF000101//040484333
:61:1606030603C45779,00NTRF000807//040349700
:61:1606030603C45900,00NTRF000106//040407627
:61:1606030603C46000,00NTRF000567//044525225
:61:1606030603C46078,50NTRF000881//042202603
:61:1606030603C46154,15NTRF000066//044030858
:61:1606030603C46200,00NTRF000850//044552272
:61:1606030603C46270,00NTRF000402//044525202
:61:1606030603C46633,64NTRF000071//044030858
:61:1606030603C46963,00NTRF000595//044599244
:61:1606030603C47000,00NTRF000777//044525225
:61:1606030603C47198,54NTRF000788//043678801
:61:1606030603C47492,47NTRF000427//044030791
:61:1606030603C47922,47NTRF000740//047003716
:61:1606030603C47961,00NTRF000796//045773756
:61:1606030603C48000,00NTRF000889//044525225
:61:1606030603C48300,00NTRF000844//044525219
:61:1606030603C48875,00NTRF000517//044583001
:61:1606030603C49000,00NTRF000402//044525225
:61:1606030603C49236,00NTRF000543//044525880
:61:1606030603C49294,28NTRF000267//044030858
:61:1606030603C49311,37NTRF000874//044525187
:61:1606030603C49392,00NTRF000893//044525716
:61:1606030603C49549,00NTRF000895//044525225
:61:1606030603C49579,45NTRF000142//044525256
:61:1606030603C49714,77NTRF000946//044525272
:61:1606030603C50000,00NTRF000728//044525514
:61:1606030603C50000,00NTRF000697//045655740
:61:1606030603C50174,63NTRF000878//044525187
:61:1606030603C50180,00NTRF000805//040349722
:61:1606030603C50503,54NTRF000934//044525545
:61:1606030603C50890,10NTRF000248//044525545
:61:1606030603C50930,20NTRF000030//044525495
:61:1606030603C51000,00NTRF000425//046577940
:61:1606030603C51500,00NTRF000876//044585730
:61:1606030603C52721,31NTRF000057//044030858
:61:1606030603C52744,41NTRF000623//042809679
:61:1606030603C52946,90NTRF000928//044525600
:61:1606030603C53605,00NTRF000411//044525700
:61:1606030603C53637,20NTRF000887//046577930
:61:1606030603C54000,00NTRF000871//044030710
:61:1606030603C54719,60NTRF000933//044525600
:61:1606030603C54810,00NTRF000901//043601607
:61:1606030603C55125,00NTRF000657//044585259
:61:1606030603C55770,03NTRF000069//044583119
:61:1606030603C55856,49NTRF000018//044525388
:61:1606030603C56000,00NTRF000395//043678838
:61:1606030603C56000,00NTRF000591//044525716
:61:1606030603C56000,00NTRF000705//044525225
:61:1606030603C57171,29NTRF000039//044525700
:61:1606030603C57500,00NTRF000835//044525225
:61:1606030603C57500,50NTRF000089//040407627
:61:1606030603C57596,37NTRF000256//044525700
:61:1606030603C57681,00NTRF000863//044525716
:61:1606030603C58024,03NTRF000925//044525600
:61:1606030603C58082,40NTRF000629//045805602
:61:1606030603C58123,74NTRF000982//043304776
:61:1606030603C58375,00NTRF000405//044525225
:61:1606030603C58468,00NTRF000921//044583503
:61:1606030603C58551,00NTRF000546//044525225
:61:1606030603C59469,82NTRF000091//042202603
:61:1606030603C59710,22NTRF000275//044525225
:61:1606030603C60000,00NTRF000106//044525225
:61:1606030603C60000,00NTRF000121//040407627
:61:1606030603C60000,00NTRF000120//040407627
:61:1606030603C60000,00NTRF000119//040407627
:61:1606030603C60000,00NTRF000112//040407627
:61:1606030603C60049,60NTRF000729//044525232
:61:1606030603C60839,52NTRF000244//044525202
:61:1606030603C62054,14NTRF000258//044525700
:61:1606030603C62361,59NTRF000068//044030858
:61:1606030603C62500,00NTRF000629//044525700
:61:1606030603C62500,00NTRF000104//040407627
:61:1606030603C62633,66NTRF000849//044525225
:61:1606030603C62648,05NTRF000962//044525225
:61:1606030603C62846,36NTRF000254//044525545
:61:1606030603C62948,80NTRF000882//042007681
:61:1606030603C64447,85NTRF000780//044030765
:61:1606030603C64600,00NTRF000111//040407627
:61:1606030603C64660,00NTRF000907//044583119
:61:1606030603C64974,91NTRF000841//044525202
:61:1606030603C64999,64NTRF000100//041806647
:61:1606030603C65190,21NTRF000059//044030858
:61:1606030603C65664,64NTRF000749//044583843
:61:1606030603C66048,86NTRF000936//044525202
:61:1606030603C66160,61NTRF000981//043304728
:61:1606030603C67260,00NTRF000007//044030852
:61:1606030603C67500,00NTRF000033//044525545
:61:1606030603C67935,56NTRF000399//044525351
:61:1606030603C69532,00NTRF000993//042202824
:61:1606030603C70035,00NTRF000704//041403633
:61:1606030603C70787,59NTRF000544//044525683
:61:1606030603C71358,03NTRF000965//044585259
:61:1606030603C71900,00NTRF000769//044579196
:61:1606030603C72200,00NTRF000175//044525225
:61:1606030603C72478,89NTRF000954//044525202
:61:1606030603C73140,31NTRF000061//044030858
:61:1606030603C74380,16NTRF000520//044525201
:61:1606030603C74399,43NTRF000103//040407627
:61:1606030603C74705,59NTRF000089//044525225
:61:1606030603C74999,97NTRF000226//044525225
:61:1606030603C75000,00NTRF000522//044525219
:61:1606030603C75000,00NTRF000014//043601607
:61:1606030603C75262,64NTRF000843//044030811
:61:1606030603C75644,41NTRF000851//044525225
:61:1606030603C75680,00NTRF000790//044525225
:61:1606030603C76287,74NTRF000271//044525225
:61:1606030603C76454,00NTRF000521//044583001
:61:1606030603C77580,00NTRF000106//044579304
:61:1606030603C78192,00NTRF000278//044030804
:61:1606030603C78232,99NTRF000385//044525562
:61:1606030603C78269,40NTRF000027//044585777
:61:1606030603C78269,40NTRF000032//044585777
:61:1606030603C78269,40NTRF000025//044585777
:61:1606030603C78269,40NTRF000026//044585777
:61:1606030603C78269,40NTRF000029//044585777
:61:1606030603C79047,49NTRF000894//044525202
:61:1606030603C79700,00NTRF000426//045005803
:61:1606030603C80002,18NTRF000840//044525225
:61:1606030603C80240,00NTRF000498//044525225
:61:1606030603C80633,74NTRF000014//044525351
:61:1606030603C81181,36NTRF000250//044525545
:61:1606030603C81413,56NTRF000332//044525545
:61:1606030603C82883,74NTRF000441//044599244
:61:1606030603C84552,82NTRF000885//044552259
:61:1606030603C86000,00NTRF000585//044206720
:61:1606030603C86404,63NTRF000693//044579110
:61:1606030603C87075,42NTRF000909//043678974
:61:1606030603C88534,22NTRF000706//044525487
:61:1606030603C89000,00NTRF000616//044525225
:61:1606030603C89181,40NTRF000985//042202603
:61:1606030603C89467,26NTRF000970//044585777
:61:1606030603C89586,00NTRF000582//044525181
:61:1606030603C90848,94NTRF000070//044030858
:61:1606030603C91484,25NTRF000847//044525225
:61:1606030603C91909,28NTRF000149//044525700
:61:1606030603C93984,09NTRF000866//044583119
:61:1606030603C94300,00NTRF000895//044583119
:61:1606030603C94364,23NTRF000639//044585259
:61:1606030603C94421,09NTRF000922//044525545
:61:1606030603C95039,15NTRF000930//044525600
:61:1606030603C95053,00NTRF000251//044525545
:61:1606030603C97200,00NTRF000503//040349715
:61:1606030603C97704,00NTRF000803//044585777
:61:1606030603C98231,00NTRF000145//044525225
:61:1606030603C98345,09NTRF000865//044583119
:61:1606030603C99900,00NTRF000648//044583503
:61:1606030603C100000,00NTRF000406//044552603
:61:1606030603C100000,00NTRF000874//044583871
:61:1606030603C100000,00NTRF000415//047501802
:61:1606030603C100000,00NTRF000866//044583151
:61:1606030603C100000,00NTRF000994//044525562
:61:1606030603C100300,00NTRF000896//044525225
:61:1606030603C101943,28NTRF000531//043678959
:61:1606030603C102300,00NTRF000642//044030723
:61:1606030603C102306,00NTRF000955//044583209
:61:1606030603C102589,20NTRF000843//046614757
:61:1606030603C102589,20NTRF000842//046614757
:61:1606030603C103129,02NTRF000920//040502795
:61:1606030603C103380,00NTRF000770//044525225
:61:1606030603C103796,00NTRF000841//044579629
:61:1606030603C105100,00NTRF000009//043601607
:61:1606030603C105202,90NTRF000897//044583544
:61:1606030603C105246,56NTRF000840//044552704
:61:1606030603C105930,06NTRF000844//044525225
:61:1606030603C106200,00NTRF000962//044525225
:61:1606030603C106651,39NTRF000245//044525700
:61:1606030603C106674,96NTRF000848//044030791
:61:1606030603C107422,68NTRF000972//046401727
:61:1606030603C107664,25NTRF000845//044525225
:61:1606030603C108104,98NTRF000941//044525600
:61:1606030603C108694,00NTRF068772//044585259
:61:1606030603C108720,48NTRF000997//042202603
:61:1606030603C109027,97NTRF000838//044959698
:61:1606030603C109750,00NTRF000530//042908730
:61:1606030603C110198,00NTRF000864//042406608
:61:1606030603C110487,90NTRF000042//044525880
:61:1606030603C111000,00NTRF000429//044030714
:61:1606030603C111380,00NTRF000436//040502717
:61:1606030603C111497,26NTRF000643//044525787
:61:1606030603C112171,39NTRF000767//044525225
:61:1606030603C112218,00NTRF000001//044525219
:61:1606030603C112430,40NTRF000942//044525545
:61:1606030603C112700,00NTRF000729//044585166
:61:1606030603C114042,00NTRF000518//044583001
:61:1606030603C114784,81NTRF000580//043807708
:61:1606030603C115230,92NTRF000940//044525600
:61:1606030603C115489,50NTRF000898//044583119
:61:1606030603C116023,50NTRF000437//044525311
:61:1606030603C117467,84NTRF000008//044030868
:61:1606030603C117600,00NTRF000839//044525202
:61:1606030603C120000,00NTRF000625//044525232
:61:1606030603C120000,00NTRF000791//044525716
:61:1606030603C120000,00NTRF000130//044525202
:61:1606030603C120028,27NTRF000927//044525600
:61:1606030603C122553,66NTRF000935//044525600
:61:1606030603C124106,50NTRF000746//044525181
:61:1606030603C124760,00NTRF000437//040502717
:61:1606030603C125552,49NTRF000026//044525347
:61:1606030603C126650,00NTRF000172//044525225
:61:1606030603C127349,80NTRF000078//044585122
:61:1606030603C128729,28NTRF000888//046577930
:61:1606030603C129310,00NTRF000908//044525976
:61:1606030603C130000,00NTRF000638//044959698
:61:1606030603C131570,00NTRF068774//044525202
:61:1606030603C132177,40NTRF000701//046015223
:61:1606030603C132757,41NTRF000593//046577952
:61:1606030603C133241,33NTRF000606//044525181
:61:1606030603C133373,00NTRF000899//044579196
:61:1606030603C133450,00NTRF000398//044583162
:61:1606030603C135000,00NTRF000627//044525700
:61:1606030603C137133,29NTRF000032//044525957
:61:1606030603C137582,83NTRF000929//047106866
:61:1606030603C138788,33NTRF000900//044525716
:61:1606030603C139427,67NTRF000641//044525700
:61:1606030603C139616,59NTRF000433//044525225
:61:1606030603C140592,08NTRF068775//044525202
:61:1606030603C141824,20NTRF000698//044525351
:61:1606030603C141832,32NTRF000645//044585777
:61:1606030603C148797,58NTRF000587//044525402
:61:1606030603C149029,28NTRF000017//044585777
:61:1606030603C150000,00NTRF000596//044030852
:61:1606030603C151559,20NTRF000647//044585777
:61:1606030603C154506,00NTRF000408//044525225
:61:1606030603C154992,40NTRF000577//044599957
:61:1606030603C155000,00NTRF000900//044552603
:61:1606030603C157000,00NTRF000880//044030811
:61:1606030603C159579,20NTRF000699//042007681
:61:1606030603C162250,00NTRF000013//044525225
:61:1606030603C162533,20NTRF000028//044585777
:61:1606030603C162593,38NTRF000018//044585777
:61:1606030603C163964,64NTRF000852//044525225
:61:1606030603C164139,18NTRF000836//046126790
:61:1606030603C164803,52NTRF000640//044030653
:61:1606030603C164930,00NTRF000889//044525225
:61:1606030603C166587,68NTRF000931//044583212
:61:1606030603C167473,00NTRF000513//044583001
:61:1606030603C167731,59NTRF000931//044525600
:61:1606030603C170000,00NTRF000387//044525545
:61:1606030603C170106,19NTRF000996//044525562
:61:1606030603C170539,97NTRF000792//044525700
:61:1606030603C170890,17NTRF000033//044525545
:61:1606030603C170931,09NTRF000932//044525600
:61:1606030603C171100,00NTRF000937//044525225
:61:1606030603C173460,00NTRF000867//044525202
:61:1606030603C174222,70NTRF000708//044585659
:61:1606030603C174965,00NTRF000634//044959698
:61:1606030603C176245,78NTRF000731//044525225
:61:1606030603C179360,00NTRF000641//044959709
:61:1606030603C180000,00NTRF000861//044525181
:61:1606030603C180000,00NTRF000588//044525976
:61:1606030603C180705,53NTRF000589//044525225
:61:1606030603C181555,00NTRF000542//044585237
:61:1606030603C185850,00NTRF000192//044525787
:61:1606030603C187416,20NTRF000580//044525225
:61:1606030603C187717,94NTRF000024//044585777
:61:1606030603C187803,71NTRF000024//044525347
:61:1606030603C189975,28NTRF000021//044585777
:61:1606030603C192000,00NTRF000031//044552603
:61:1606030603C192977,75NTRF000678//044525202
:61:1606030603C198196,00NTRF000894//044525225
:61:1606030603C199622,89NTRF000420//044030811
:61:1606030603C200000,00NTRF000898//044525352
:61:1606030603C200000,00NTRF000842//044959733
:61:1606030603C201396,63NTRF000630//044030791
:61:1606030603C201528,66NTRF000023//044585777
:61:1606030603C201814,53NTRF000941//044525219
:61:1606030603C205519,00NTRF000748//044552712
:61:1606030603C206962,25NTRF000995//044585122
:61:1606030603C209500,00NTRF000586//044525363
:61:1606030603C211275,46NTRF000020//044585777
:61:1606030603C212400,00NTRF000943//044525545
:61:1606030603C216675,00NTRF000134//044552259
:61:1606030603C216675,00NTRF000133//044552259
:61:1606030603C221606,69NTRF000009//044525202
:61:1606030603C222068,88NTRF000602//044525181
:61:1606030603C225000,00NTRF000439//044525700
:61:1606030603C226275,45NTRF000921//044525922
:61:1606030603C226638,88NTRF000938//044525600
:61:1606030603C229795,74NTRF000651//044585777
:61:1606030603C229827,42NTRF000885//042007824
:61:1606030603C234210,00NTRF000434//044525225
:61:1606030603C237191,80NTRF000031//044585777
:61:1606030603C237191,80NTRF000030//044585777
:61:1606030603C240634,58NTRF000895//044583119
:61:1606030603C242393,04NTRF000016//044585777
:61:1606030603C243252,00NTRF000579//049205772
:61:1606030603C243600,00NTRF000792//044525716
:61:1606030603C245102,15NTRF000879//040484759
:61:1606030603C245359,41NTRF000016//044525347
:61:1606030603C246396,82NTRF000227//044583104
:61:1606030603C247277,44NTRF000671//044525202
:61:1606030603C250000,00NTRF000224//044552675
:61:1606030603C250040,97NTRF000642//044959731
:61:1606030603C253445,66NTRF000436//044525700
:61:1606030603C253467,86NTRF000670//044525202
:61:1606030603C259000,56NTRF000276//040349541
:61:1606030603C261352,30NTRF000019//044585777
:61:1606030603C265000,00NTRF000584//044525363
:61:1606030603C265500,00NTRF000029//044583685
:61:1606030603C266482,66NTRF000604//044525181
:61:1606030603C277974,06NTRF000667//044525202
:61:1606030603C279540,91NTRF000676//044525202
:61:1606030603C280000,00NTRF000742//044525495
:61:1606030603C282160,00NTRF000951//044525848
:61:1606030603C286990,21NTRF000011//044525202
:61:1606030603C288006,38NTRF000148//044579587
:61:1606030603C290493,57NTRF000640//044525700
:61:1606030603C290779,65NTRF000665//044525202
:61:1606030603C292000,00NTRF000063//044552272
:61:1606030603C293119,25NTRF000655//044583119
:61:1606030603C295763,53NTRF000022//044585777
:61:1606030603C296132,47NTRF000782//044583843
:61:1606030603C297065,00NTRF000650//044585777
:61:1606030603C300000,00NTRF000030//044525352
:61:1606030603C300195,50NTRF000578//044525225
:61:1606030603C306805,62NTRF000896//044525225
:61:1606030603C306894,40NTRF000869//044525787
:61:1606030603C307310,60NTRF068770//044525202
:61:1606030603C307998,94NTRF000666//044525202
:61:1606030603C310000,00NTRF000958//044585182
:61:1606030603C310670,00NTRF000331//044525545
:61:1606030603C313779,25NTRF000036//044030705
:61:1606030603C318572,86NTRF000879//046577930
:61:1606030603C331361,78NTRF000882//044525187
:61:1606030603C331875,00NTRF000991//044585460
:61:1606030603C339400,22NTRF000939//044525600
:61:1606030603C345150,00NTRF000015//044525811
:61:1606030603C346000,00NTRF000600//042202705
:61:1606030603C348329,41NTRF000880//046577674
:61:1606030603C356038,16NTRF000677//044525202
:61:1606030603C356779,16NTRF000668//044525202
:61:1606030603C361140,18NTRF000950//044525700
:61:1606030603C362261,31NTRF000587//047888670
:61:1606030603C364774,78NTRF068771//044525202
:61:1606030603C369500,00NTRF000601//045017776
:61:1606030603C374260,88NTRF000845//044525225
:61:1606030603C376880,17NTRF000664//044525202
:61:1606030603C386591,03NTRF000669//044525202
:61:1606030603C393401,78NTRF000672//044525545
:61:1606030603C393458,23NTRF000878//045773603
:61:1606030603C394000,00NTRF000599//049240748
:61:1606030603C395273,89NTRF000673//044525545
:61:1606030603C400646,10NTRF000397//044525985
:61:1606030603C403155,99NTRF000890//044525181
:61:1606030603C403598,59NTRF000875//044583303
:61:1606030603C418941,97NTRF000003//044525716
:61:1606030603C443295,99NTRF068778//044525279
:61:1606030603C444000,00NTRF000859//044695151
:61:1606030603C444000,00NTRF000750//044583843
:61:1606030603C444364,40NTRF000847//044959758
:61:1606030603C447386,94NTRF000889//041708602
:61:1606030603C448400,00NTRF000104//044030809
:61:1606030603C450996,00NTRF000901//044525600
:61:1606030603C451006,75NTRF000571//044525700
:61:1606030603C460200,00NTRF000037//044030653
:61:1606030603C460685,37NTRF068776//044525202
:61:1606030603C462830,22NTRF000637//044030827
:61:1606030603C468562,50NTRF000861//044583119
:61:1606030603C469803,97NTRF000973//046311649
:61:1606030603C475424,47NTRF000010//044583119
:61:1606030603C476192,87NTRF000866//044525225
:61:1606030603C479160,00NTRF000440//044525243
:61:1606030603C482188,12NTRF000902//044525225
:61:1606030603C488332,97NTRF000903//044525957
:61:1606030603C500000,00NTRF000583//044525181
:61:1606030603C500000,00NTRF000849//044959702
:61:1606030603C507239,89NTRF000436//044525202
:61:1606030603C531650,00NTRF000578//044525716
:61:1606030603C540623,31NTRF000867//044583267
:61:1606030603C541723,65NTRF000985//042202603
:61:1606030603C541965,50NTRF000855//046311649
:61:1606030603C543000,00NTRF000801//046015602
:61:1606030603C548476,46NTRF000857//044552786
:61:1606030603C551943,71NTRF000581//044525243
:61:1606030603C560000,00NTRF000592//044552545
:61:1606030603C568000,00NTRF000579//044525716
:61:1606030603C570321,76NTRF000674//044525202
:61:1606030603C598841,61NTRF000772//044030888
:61:1606030603C600000,00NTRF000591//044525562
:61:1606030603C610491,64NTRF000874//044585161
:61:1606030603C613574,25NTRF000015//044585777
:61:1606030603C615127,65NTRF000904//044583685
:61:1606030603C623052,55NTRF000595//044030720
:61:1606030603C632500,00NTRF000776//043601607
:61:1606030603C643475,10NTRF000598//044552785
:61:1606030603C649000,00NTRF000957//044585182
:61:1606030603C663677,23NTRF000696//044585109
:61:1606030603C678500,00NTRF000036//044030653
:61:1606030603C685197,98NTRF000732//044525222
:61:1606030603C698092,00NTRF000809//040349987
:61:1606030603C700000,00NTRF000650//044525700
:61:1606030603C700000,00NTRF000649//044525700
:61:1606030603C700000,00NTRF000035//044525225
:61:1606030603C700000,00NTRF000130//044552259
:61:1606030603C700000,00NTRF000131//044552259
:61:1606030603C700000,00NTRF000652//044525700
:61:1606030603C716308,00NTRF000631//044959758
:61:1606030603C727116,00NTRF000862//044525225
:61:1606030603C727900,00NTRF000758//044525272
:61:1606030603C730716,10NTRF000603//044525181
:61:1606030603C730877,84NTRF000690//044579110
:61:1606030603C735666,47NTRF000675//044525202
:61:1606030603C739860,00NTRF000859//044525225
:61:1606030603C758826,57NTRF000846//044525225
:61:1606030603C765899,85NTRF000635//044525219
:61:1606030603C775996,00NTRF000714//044585161
:61:1606030603C788831,57NTRF000697//044585109
:61:1606030603C800000,00NTRF000108//042202603
:61:1606030603C800000,00NTRF000149//044525957
:61:1606030603C800000,00NTRF000802//046015281
:61:1606030603C804799,91NTRF000646//044585777
:61:1606030603C812842,56NTRF000930//044583119
:61:1606030603C816590,00NTRF000786//043601607
:61:1606030603C853140,00NTRF000906//044525861
:61:1606030603C880160,80NTRF000847//044585392
:61:1606030603C885029,50NTRF000649//044585777
:61:1606030603C887975,60NTRF000848//044585392
:61:1606030603C900000,00NTRF000129//044585659
:61:1606030603C900000,00NTRF000128//044585659
:61:1606030603C923028,10NTRF000844//044525225
:61:1606030603C923400,00NTRF000952//044525700
:61:1606030603C930003,62NTRF000607//044525181
:61:1606030603C931373,46NTRF000386//044525545
:61:1606030603C937156,00NTRF000858//044525225
:61:1606030603C950000,00NTRF000941//044585182
:61:1606030603C1000000,00NTRF000373//044525202
:61:1606030603C1000000,00NTRF000137//044525217
:61:1606030603C1000000,00NTRF000132//044525545
:61:1606030603C1000064,04NTRF000775//043601607
:61:1606030603C1023463,29NTRF000895//044525225
:61:1606030603C1028096,47NTRF000730//044525225
:61:1606030603C1040571,84NTRF068779//044579110
:61:1606030603C1048867,16NTRF000035//044583990
:61:1606030603C1053786,22NTRF000648//044585777
:61:1606030603C1089742,50NTRF000073//047003608
:61:1606030603C1117093,98NTRF000907//044525545
:61:1606030603C1152000,00NTRF000880//046577930
:61:1606030603C1172441,16NTRF000608//044525181
:61:1606030603C1176841,77NTRF000025//044525347
:61:1606030603C1195917,64NTRF000876//044599244
:61:1606030603C1200000,00NTRF000008//042202603
:61:1606030603C1256860,00NTRF000583//044525600
:61:1606030603C1276440,93NTRF000869//044525225
:61:1606030603C1282240,00NTRF000010//043601607
:61:1606030603C1300000,00NTRF000836//045773708
:61:1606030603C1314567,72NTRF000023//044525347
:61:1606030603C1321217,64NTRF000120//044585730
:61:1606030603C1346206,22NTRF000810//044525716
:61:1606030603C1405000,00NTRF000787//044525455
:61:1606030603C1450000,00NTRF000856//044585777
:61:1606030603C1500000,00NTRF000829//044552603
:61:1606030603C1510129,88NTRF000019//044525347
:61:1606030603C1553124,94NTRF000605//044525181
:61:1606030603C1650000,00NTRF000212//044525545
:61:1606030603C1700000,00NTRF000649//044959702
:61:1606030603C1731072,00NTRF000873//044599244
:61:1606030603C1775510,60NTRF000982//044525363
:61:1606030603C1779505,12NTRF000872//044525159
:61:1606030603C1816020,21NTRF000778//044525187
:61:1606030603C1871043,24NTRF000022//044525347
:61:1606030603C1874846,54NTRF000062//044525217
:61:1606030603C1949167,89NTRF000017//044525347
:61:1606030603C1956695,80NTRF000839//044206704
:61:1606030603C1964741,20NTRF000976//044525187
:61:1606030603C1970982,89NTRF000838//044206704
:61:1606030603C1971617,87NTRF000837//044206704
:61:1606030603C2000000,00NTRF000010//044525217
:61:1606030603C2000000,00NTRF000791//044583001
:61:1606030603C2049766,20NTRF000882//046577930
:61:1606030603C2233143,27NTRF000004//044525225
:61:1606030603C2241998,82NTRF000883//046577930
:61:1606030603C2463283,72NTRF000868//049706609
:61:1606030603C2598689,75NTRF000956//044583119
:61:1606030603C2781821,96NTRF000870//044525225
:61:1606030603C2828728,51NTRF000663//044525716
:61:1606030603C2880000,00NTRF000777//045209746
:61:1606030603C3089000,00NTRF000523//044599957
:61:1606030603C3097907,62NTRF000385//040507705
:61:1606030603C3393687,29NTRF000582//044525187
:61:1606030603C3478211,66NTRF000867//044583104
:61:1606030603C3639659,70NTRF000771//044525787
:61:1606030603C3945000,00NTRF000776//044030791
:61:1606030603C4000000,00NTRF000377//046015602
:61:1606030603C4042983,26NTRF000884//046577930
:61:1606030603C4051023,95NTRF000438//044525311
:61:1606030603C4180869,00NTRF068777//044525279
:61:1606030603C4235999,64NTRF000773//044525985
:61:1606030603C4370000,00NTRF000788//044525455
:61:1606030603C4477399,08NTRF000731//044525225
:61:1606030603C4970000,00NTRF000584//044525593
:61:1606030603C4984055,74NTRF000105//044525187
:61:1606030603C5000000,00NTRF000039//044525222
:61:1606030603C5000000,00NTRF000876//044525823
:61:1606030603C5039869,73NTRF000104//044525187
:61:1606030603C5043966,98NTRF000103//044525187
:61:1606030603C5250000,00NTRF000835//045773708
:61:1606030603C6000000,00NTRF000577//044525545
:61:1606030603C6620000,00NTRF000768//044525187
:61:1606030603C6673117,20NTRF000043//044525880
:61:1606030603C7205486,81NTRF000755//044525225
:61:1606030603C7250000,00NTRF000279//045773603
:61:1606030603C7944627,30NTRF000944//044525424
:61:1606030603C8111121,22NTRF000945//044525424
:61:1606030603C8740000,00NTRF000789//044525455
:61:1606030603C10587999,16NTRF000756//044525985
:61:1606030603C10810472,35NTRF000021//044525347
:61:1606030603C11440000,00NTRF000785//044030705
:61:1606030603C12584052,73NTRF000020//044525347
:61:1606030603C14000000,00NTRF000001//044525202
:61:1606030603C15000000,00NTRF000674//044525217
:61:1606030603C15520102,35NTRF000004//044525700
:61:1606030603C16950000,00NTRF000769//046577674
:61:1606030603C19147085,91NTRF000378//044525225
:61:1606030603C21658614,02NTRF000004//044525700
:61:1606030603C44716417,19NTRF000102//044525187
:61:1606030603C50922131,58NTRF000900//046311649
:61:1606030603C272887816,16NTRF000007//044525225
:61:1606030603D12,45NTRF000443//044525225
:61:1606030603D18,60NTRF000468//044583001
:61:1606030603D20,34NTRF000906//044525225
:61:1606030603D23,60NTRF000037//044583119
:61:1606030603D24,00NTRF000897//044583001
:61:1606030603D27,00NTRF000987//044525700
:61:1606030603D31,08NTRF000902//044525225
:61:1606030603D43,89NTRF000904//044525225
:61:1606030603D87,44NTRF000961//044525225
:61:1606030603D89,89NTRF000474//044583001
:61:1606030603D90,42NTRF000473//044583001
:61:1606030603D93,30NTRF000475//044583001
:61:1606030603D100,00NTRF000617//044525232
:61:1606030603D115,00NTRF000987//045773603
:61:1606030603D117,60NTRF000021//044585777
:61:1606030603D122,18NTRF000471//044583001
:61:1606030603D130,50NTRF000412//044552675
:61:1606030603D131,43NTRF000041//044583001
:61:1606030603D154,50NTRF000285//044583001
:61:1606030603D156,70NTRF000893//049205805
:61:1606030603D200,00NTRF000297//047102651
:61:1606030603D203,81NTRF000956//044525187
:61:1606030603D204,61NTRF000930//046311649
:61:1606030603D215,98NTRF000074//044030858
:61:1606030603D216,00NTRF000647//044959698
:61:1606030603D240,00NTRF000956//042202705
:61:1606030603D260,00NTRF000050//043601980
:61:1606030603D294,44NTRF000609//044579326
:61:1606030603D294,44NTRF000610//044579326
:61:1606030603D300,00NTRF000045//044583001
:61:1606030603D300,00NTRF000616//044525232
:61:1606030603D300,00NTRF000972//044583001
:61:1606030603D300,00NTRF000202//044583001
:61:1606030603D300,00NTRF000043//044583001
:61:1606030603D300,00NTRF000044//044583001
:61:1606030603D300,00NTRF000284//044583001
:61:1606030603D330,00NTRF000687//044525202
:61:1606030603D350,00NTRF000605//044525700
:61:1606030603D354,00NTRF000097//042202603
:61:1606030603D360,00NTRF000286//044525225
:61:1606030603D369,03NTRF000472//044583001
:61:1606030603D377,60NTRF000780//044525232
:61:1606030603D378,00NTRF000944//048073770
:61:1606030603D378,44NTRF000957//041806647
:61:1606030603D383,91NTRF000660//046311722
:61:1606030603D412,00NTRF000898//044583001
:61:1606030603D412,08NTRF000013//043601607
:61:1606030603D435,76NTRF000067//044030858
:61:1606030603D438,08NTRF000006//044579611
:61:1606030603D440,00NTRF000928//044525232
:61:1606030603D440,00NTRF000686//047130639
:61:1606030603D440,00NTRF000892//044525187
:61:1606030603D450,00NTRF000849//044552272
:61:1606030603D460,00NTRF000811//044552726
:61:1606030603D480,00NTRF000326//044552259
:61:1606030603D490,85NTRF000304//045773873
:61:1606030603D499,80NTRF000019//044585777
:61:1606030603D500,00NTRF000002//044525202
:61:1606030603D510,00NTRF000388//044525545
:61:1606030603D510,00NTRF000658//044525700
:61:1606030603D514,84NTRF000007//044525202
:61:1606030603D514,84NTRF000006//044525202
:61:1606030603D514,86NTRF000005//044525202
:61:1606030603D516,44NTRF000003//044525202
:61:1606030603D516,44NTRF000004//044525202
:61:1606030603D516,60NTRF000171//044525600
:61:1606030603D527,00NTRF000046//044583001
:61:1606030603D527,00NTRF000048//044583001
:61:1606030603D527,00NTRF000047//044583001
:61:1606030603D565,00NTRF000404//044525225
:61:1606030603D584,35NTRF000002//044583001
:61:1606030603D600,00NTRF000529//043678700
:61:1606030603D600,00NTRF000685//044525225
:61:1606030603D600,00NTRF000623//044583001
:61:1606030603D611,00NTRF000899//044583001
:61:1606030603D633,00NTRF000413//044579901
:61:1606030603D635,90NTRF000923//044525225
:61:1606030603D641,83NTRF000641//044525487
:61:1606030603D660,00NTRF000085//044525225
:61:1606030603D665,00NTRF000456//045005780
:61:1606030603D700,00NTRF000618//044525232
:61:1606030603D709,00NTRF000946//042202747
:61:1606030603D724,64NTRF000408//044525353
:61:1606030603D728,00NTRF000101//042202603
:61:1606030603D735,00NTRF000452//048602673
:61:1606030603D735,00NTRF000458//047516969
:61:1606030603D735,00NTRF000444//046850781
:61:1606030603D740,75NTRF000928//045005750
:61:1606030603D742,90NTRF000068//044525202
:61:1606030603D750,00NTRF000808//045773603
:61:1606030603D758,85NTRF000922//040702730
:61:1606030603D760,00NTRF000986//044525202
:61:1606030603D760,44NTRF000323//044552743
:61:1606030603D778,80NTRF000041//044030804
:61:1606030603D780,00NTRF000395//044583001
:61:1606030603D793,95NTRF000636//046015602
:61:1606030603D798,49NTRF000422//044030811
:61:1606030603D815,53NTRF000409//044525700
:61:1606030603D819,00NTRF000001//044583001
:61:1606030603D826,00NTRF000955//044525187
:61:1606030603D837,70NTRF000434//044525225
:61:1606030603D840,80NTRF000992//044525985
:61:1606030603D842,82NTRF000438//044525225
:61:1606030603D845,00NTRF000570//044583001
:61:1606030603D847,10NTRF000148//044583001
:61:1606030603D860,00NTRF000863//044583119
:61:1606030603D880,00NTRF000605//044579326
:61:1606030603D881,00NTRF000604//044579326
:61:1606030603D885,00NTRF000692//047501602
:61:1606030603D900,00NTRF000053//044525700
:61:1606030603D900,00NTRF000049//040349556
:61:1606030603D900,00NTRF000051//044030723
:61:1606030603D902,87NTRF000598//044525787
:61:1606030603D909,00NTRF000822//044030653
:61:1606030603D910,00NTRF000549//044583001
:61:1606030603D910,00NTRF000465//043602955
:61:1606030603D914,38NTRF000719//044525225
:61:1606030603D926,10NTRF000658//044585259
:61:1606030603D948,19NTRF000855//040813737
:61:1606030603D950,00NTRF000919//044585777
:61:1606030603D980,00NTRF000459//046311854
:61:1606030603D980,00NTRF000457//049205603
:61:1606030603D980,00NTRF000451//046910702
:61:1606030603D990,00NTRF000877//044525187
:61:1606030603D1000,00NTRF000614//044525232
:61:1606030603D1000,00NTRF000435//044525202
:61:1606030603D1000,00NTRF000656//044525202
:61:1606030603D1000,00NTRF000665//043601871
:61:1606030603D1000,00NTRF000151//044525716
:61:1606030603D1009,00NTRF000023//048602752
:61:1606030603D1084,05NTRF000567//049401601
:61:1606030603D1097,00NTRF000152//044525716
:61:1606030603D1099,00NTRF000149//044525716
:61:1606030603D1100,00NTRF000153//044525716
:61:1606030603D1100,00NTRF000613//044525181
:61:1606030603D1104,19NTRF000618//044525716
:61:1606030603D1110,00NTRF000154//044525716
:61:1606030603D1132,80NTRF000957//044525187
:61:1606030603D1141,51NTRF000144//044583001
:61:1606030603D1150,00NTRF000799//045744863
:61:1606030603D1155,00NTRF000446//048702746
:61:1606030603D1160,00NTRF000143//044583001
:61:1606030603D1177,05NTRF000528//044525219
:61:1606030603D1180,00NTRF000418//044585576
:61:1606030603D1181,14NTRF000596//049205603
:61:1606030603D1200,00NTRF000417//040702660
:61:1606030603D1200,00NTRF000615//044525225
:61:1606030603D1200,69NTRF000002//044525545
:61:1606030603D1202,40NTRF000987//044525225
:61:1606030603D1220,00NTRF000779//045773603
:61:1606030603D1220,00NTRF000696//045773603
:61:1606030603D1235,00NTRF000018//043601001
:61:1606030603D1235,60NTRF000039//044030811
:61:1606030603D1250,00NTRF000380//044525225
:61:1606030603D1254,00NTRF000691//047501602
:61:1606030603D1265,90NTRF000656//044525700
:61:1606030603D1278,00NTRF000688//044525225
:61:1606030603D1290,00NTRF000966//044525222
:61:1606030603D1300,00NTRF000787//043601607
:61:1606030603D1380,00NTRF000696//044525225
:61:1606030603D1400,00NTRF000701//044525225
:61:1606030603D1400,01NTRF000783//044525202
:61:1606030603D1416,00NTRF000804//045773603
:61:1606030603D1429,78NTRF000693//044525593
:61:1606030603D1445,79NTRF000466//044583001
:61:1606030603D1450,00NTRF000664//044030653
:61:1606030603D1460,00NTRF000034//044525353
:61:1606030603D1513,37NTRF000644//044525225
:61:1606030603D1525,70NTRF000445//044525232
:61:1606030603D1560,00NTRF000837//044583705
:61:1606030603D1560,00NTRF000273//046015602
:61:1606030603D1571,55NTRF000631//044525202
:61:1606030603D1637,03NTRF000867//044525700
:61:1606030603D1652,00NTRF000321//044525225
:61:1606030603D1654,37NTRF000891//044525187
:61:1606030603D1672,69NTRF000337//044525700
:61:1606030603D1680,01NTRF000849//044525202
:61:1606030603D1715,00NTRF000455//045655722
:61:1606030603D1768,00NTRF000544//044552675
:61:1606030603D1770,00NTRF000784//044585184
:61:1606030603D1800,00NTRF000662//044525700
:61:1606030603D1800,00NTRF000041//044583001
:61:1606030603D1800,00NTRF000040//044583001
:61:1606030603D1800,00NTRF000042//044583001
:61:1606030603D1835,23NTRF000935//044525545
:61:1606030603D1835,87NTRF000947//041203602
:61:1606030603D1836,00NTRF000948//046311649
:61:1606030603D1840,00NTRF000752//044583685
:61:1606030603D1857,08NTRF000027//044525202
:61:1606030603D1872,50NTRF000684//045209673
:61:1606030603D1898,00NTRF000008//043601001
:61:1606030603D1905,05NTRF000143//040407627
:61:1606030603D1915,40NTRF000295//048073601
:61:1606030603D1956,00NTRF000840//044525225
:61:1606030603D2000,00NTRF000444//044525225
:61:1606030603D2000,00NTRF000834//044583001
:61:1606030603D2000,00NTRF000138//044583001
:61:1606030603D2000,00NTRF000541//041708773
:61:1606030603D2000,00NTRF000505//044525716
:61:1606030603D2000,00NTRF000287//044525225
:61:1606030603D2000,13NTRF000700//042520607
:61:1606030603D2000,13NTRF000668//042520607
:61:1606030603D2003,64NTRF000786//044525311
:61:1606030603D2053,31NTRF000978//044583001
:61:1606030603D2055,50NTRF000554//043601607
:61:1606030603D2075,47NTRF000145//044583001
:61:1606030603D2094,78NTRF000446//044525232
:61:1606030603D2096,00NTRF000510//043602985
:61:1606030603D2100,00NTRF000712//044525716
:61:1606030603D2108,00NTRF000150//044525225
:61:1606030603D2120,00NTRF000888//044525187
:61:1606030603D2130,62NTRF000689//044525593
:61:1606030603D2156,00NTRF000020//044585777
:61:1606030603D2200,00NTRF000932//046577909
:61:1606030603D2205,00NTRF000450//046910702
:61:1606030603D2214,27NTRF000622//044525222
:61:1606030603D2221,47NTRF000875//044525187
:61:1606030603D2276,81NTRF000412//044525202
:61:1606030603D2286,00NTRF000802//042202603
:61:1606030603D2310,00NTRF000717//044579901
:61:1606030603D2322,11NTRF000608//044579326
:61:1606030603D2348,00NTRF000781//044030858
:61:1606030603D2360,00NTRF000998//042202705
:61:1606030603D2369,29NTRF000065//044030858
:61:1606030603D2380,00NTRF000608//044525202
:61:1606030603D2400,00NTRF000147//044583001
:61:1606030603D2405,00NTRF000460//042202603
:61:1606030603D2419,03NTRF000707//044525225
:61:1606030603D2437,53NTRF000099//044525202
:61:1606030603D2449,96NTRF000625//044525225
:61:1606030603D2470,00NTRF000006//043601001
:61:1606030603D2478,00NTRF000140//044030878
:61:1606030603D2478,00NTRF000038//044525187
:61:1606030603D2486,50NTRF000984//042202603
:61:1606030603D2499,51NTRF000706//040349602
:61:1606030603D2499,51NTRF000719//040349713
:61:1606030603D2500,38NTRF000663//044525716
:61:1606030603D2500,38NTRF000666//042520607
:61:1606030603D2500,38NTRF000669//042520607
:61:1606030603D2500,38NTRF000671//042520607
:61:1606030603D2500,38NTRF000674//042520607
:61:1606030603D2500,38NTRF000675//042520740
:61:1606030603D2500,38NTRF000677//042520607
:61:1606030603D2500,38NTRF000678//042520607
:61:1606030603D2500,38NTRF000680//042520607
:61:1606030603D2500,38NTRF000681//042520607
:61:1606030603D2500,38NTRF000682//049205806
:61:1606030603D2500,38NTRF000687//049205603
:61:1606030603D2500,38NTRF000688//049205603
:61:1606030603D2500,38NTRF000689//049205603
:61:1606030603D2500,38NTRF000691//049205603
:61:1606030603D2500,38NTRF000692//049205603
:61:1606030603D2500,38NTRF000694//049205603
:61:1606030603D2500,38NTRF000698//049205708
:61:1606030603D2500,38NTRF000699//049205708
:61:1606030603D2500,38NTRF000703//042520607
:61:1606030603D2500,38NTRF000705//042520607
:61:1606030603D2500,38NTRF000708//042520607
:61:1606030603D2500,38NTRF000707//049205603
:61:1606030603D2500,38NTRF000713//049205815
:61:1606030603D2500,38NTRF000717//042520607
:61:1606030603D2500,38NTRF000721//049205603
:61:1606030603D2500,38NTRF000720//042520607
:61:1606030603D2500,38NTRF000722//049205603
:61:1606030603D2500,38NTRF000724//042520607
:61:1606030603D2500,38NTRF000726//049205603
:61:1606030603D2500,38NTRF000731//049205603
:61:1606030603D2500,38NTRF000732//049205603
:61:1606030603D2500,38NTRF000735//049205603
:61:1606030603D2501,17NTRF000690//047501990
:61:1606030603D2503,89NTRF000594//044525202
:61:1606030603D2518,00NTRF000228//040364518
:61:1606030603D2518,43NTRF000595//047501602
:61:1606030603D2553,84NTRF000847//044525957
:61:1606030603D2590,00NTRF000937//044525222
:61:1606030603D2599,00NTRF000634//044525700
:61:1606030603D2600,00NTRF000738//044583001
:61:1606030603D2600,00NTRF000013//044583001
:61:1606030603D2600,00NTRF000012//044583001
:61:1606030603D2600,00NTRF000038//044583001
:61:1606030603D2600,00NTRF000039//044583001
:61:1606030603D2619,60NTRF000450//044585184
:61:1606030603D2638,00NTRF000339//044583151
:61:1606030603D2648,00NTRF000519//044583001
:61:1606030603D2648,32NTRF000629//044525225
:61:1606030603D2664,60NTRF000688//047102651
:61:1606030603D2681,55NTRF000383//044525823
:61:1606030603D2688,95NTRF000604//044525202
:61:1606030603D2690,40NTRF000448//044585184
:61:1606030603D2700,00NTRF000324//044552272
:61:1606030603D2700,00NTRF000654//044525593
:61:1606030603D2760,00NTRF000077//043304711
:61:1606030603D2760,00NTRF000618//044525716
:61:1606030603D2768,10NTRF000584//044525593
:61:1606030603D2788,99NTRF000771//044525202
:61:1606030603D2790,96NTRF000954//044525225
:61:1606030603D2832,00NTRF000992//044525700
:61:1606030603D2845,35NTRF000073//044030858
:61:1606030603D2851,80NTRF000830//044583705
:61:1606030603D2900,18NTRF000225//044525232
:61:1606030603D2904,06NTRF000854//044552118
:61:1606030603D2906,12NTRF000630//044525545
:61:1606030603D2910,40NTRF000588//045209673
:61:1606030603D2920,00NTRF000106//045004897
:61:1606030603D2935,21NTRF000633//044525593
:61:1606030603D2940,00NTRF000464//040813805
:61:1606030603D2940,00NTRF000005//042202603
:61:1606030603D2968,17NTRF000054//044030858
:61:1606030603D2999,10NTRF000965//044585777
:61:1606030603D2999,80NTRF000686//045209673
:61:1606030603D3000,00NTRF000643//044525225
:61:1606030603D3000,00NTRF000693//044525545
:61:1606030603D3000,00NTRF000720//044583001
:61:1606030603D3000,00NTRF000721//044583001
:61:1606030603D3000,00NTRF000306//045773873
:61:1606030603D3000,00NTRF000274//040173604
:61:1606030603D3000,00NTRF000512//044583001
:61:1606030603D3000,00NTRF000593//044525202
:61:1606030603D3000,00NTRF000656//044552603
:61:1606030603D3000,00NTRF000798//040349987
:61:1606030603D3000,00NTRF142142//044525232
:61:1606030603D3000,00NTRF000589//044525202
:61:1606030603D3000,00NTRF000591//044525716
:61:1606030603D3000,00NTRF000617//044525202
:61:1606030603D3000,00NTRF000583//044525593
:61:1606030603D3000,00NTRF000581//044525225
:61:1606030603D3000,00NTRF000638//044525225
:61:1606030603D3000,00NTRF000639//044525225
:61:1606030603D3000,00NTRF000641//044525225
:61:1606030603D3000,00NTRF000640//044525225
:61:1606030603D3000,00NTRF000642//044525225
:61:1606030603D3000,00NTRF000636//040349556
:61:1606030603D3000,00NTRF000644//044525225
:61:1606030603D3000,00NTRF000646//044525545
:61:1606030603D3000,00NTRF000645//044525225
:61:1606030603D3000,00NTRF000648//044525593
:61:1606030603D3000,00NTRF000647//044525202
:61:1606030603D3000,00NTRF000649//044525593
:61:1606030603D3000,00NTRF000650//044525593
:61:1606030603D3000,00NTRF000651//044525700
:61:1606030603D3000,00NTRF000653//044525700
:61:1606030603D3000,00NTRF000652//044525700
:61:1606030603D3000,00NTRF000655//044552603
:61:1606030603D3000,00NTRF000654//046015602
:61:1606030603D3001,20NTRF000665//045004641
:61:1606030603D3037,32NTRF000034//046015602
:61:1606030603D3040,21NTRF000098//044525202
:61:1606030603D3044,40NTRF000410//044525545
:61:1606030603D3051,31NTRF000881//044525187
:61:1606030603D3053,97NTRF000720//044525225
:61:1606030603D3054,73NTRF000028//044552743
:61:1606030603D3061,05NTRF000949//044705615
:61:1606030603D3095,37NTRF000891//049240759
:61:1606030603D3100,00NTRF000659//046015872
:61:1606030603D3100,00NTRF000598//040702660
:61:1606030603D3109,00NTRF000274//046015602
:61:1606030603D3114,16NTRF000862//044525716
:61:1606030603D3185,82NTRF000001//044583001
:61:1606030603D3199,26NTRF000423//042202747
:61:1606030603D3200,00NTRF000710//044525219
:61:1606030603D3200,00NTRF000770//044525225
:61:1606030603D3200,00NTRF000617//044525225
:61:1606030603D3204,10NTRF000612//044579326
:61:1606030603D3237,50NTRF000883//044030706
:61:1606030603D3250,97NTRF000953//045853729
:61:1606030603D3258,60NTRF000582//044525225
:61:1606030603D3267,68NTRF000958//044579709
:61:1606030603D3278,00NTRF000999//042202603
:61:1606030603D3304,00NTRF000141//044030878
:61:1606030603D3309,80NTRF000564//042202847
:61:1606030603D3344,08NTRF000568//049401601
:61:1606030603D3350,00NTRF000853//044585494
:61:1606030603D3350,00NTRF000938//044525222
:61:1606030603D3355,35NTRF000586//044525225
:61:1606030603D3386,28NTRF000566//049401601
:61:1606030603D3386,82NTRF000850//044525201
:61:1606030603D3422,18NTRF000194//044583001
:61:1606030603D3428,80NTRF000628//044959702
:61:1606030603D3439,40NTRF000704//046577896
:61:1606030603D3443,31NTRF000938//044525232
:61:1606030603D3500,11NTRF000602//044525202
:61:1606030603D3550,62NTRF000949//044525700
:61:1606030603D3551,00NTRF000694//045773603
:61:1606030603D3563,65NTRF000964//044525225
:61:1606030603D3589,48NTRF000384//044525700
:61:1606030603D3593,36NTRF000592//044525716
:61:1606030603D3600,00NTRF000525//043602985
:61:1606030603D3627,96NTRF000590//044525202
:61:1606030603D3632,04NTRF000723//044525225
:61:1606030603D3635,34NTRF000290//046577859
:61:1606030603D3640,00NTRF000004//043601001
:61:1606030603D3655,49NTRF000322//044525823
:61:1606030603D3669,33NTRF000960//044525225
:61:1606030603D3672,00NTRF000537//044525600
:61:1606030603D3675,00NTRF000448//043601919
:61:1606030603D3676,77NTRF000526//046577940
:61:1606030603D3690,38NTRF000838//044525700
:61:1606030603D3700,00NTRF000834//044525716
:61:1606030603D3700,00NTRF000105//044525545
:61:1606030603D3700,00NTRF000028//044525545
:61:1606030603D3700,00NTRF000027//044525545
:61:1606030603D3753,54NTRF000556//042202603
:61:1606030603D3770,00NTRF000616//044525181
:61:1606030603D3800,00NTRF000962//044525363
:61:1606030603D3803,52NTRF000628//044525225
:61:1606030603D3816,00NTRF000145//044583119
:61:1606030603D3836,05NTRF000613//044579326
:61:1606030603D3873,24NTRF000029//044525225
:61:1606030603D3912,97NTRF000659//040349602
:61:1606030603D3915,00NTRF000527//044525225
:61:1606030603D4000,00NTRF000737//044583001
:61:1606030603D4000,00NTRF000638//041117601
:61:1606030603D4000,00NTRF000639//044525716
:61:1606030603D4000,00NTRF000711//044552591
:61:1606030603D4005,31NTRF000724//043601964
:61:1606030603D4010,86NTRF000886//044525187
:61:1606030603D4028,67NTRF000585//044525225
:61:1606030603D4029,29NTRF000581//044525225
:61:1606030603D4057,33NTRF000470//044583001
:61:1606030603D4093,86NTRF000896//044525225
:61:1606030603D4100,99NTRF000627//044525225
:61:1606030603D4130,50NTRF000587//044525225
:61:1606030603D4145,00NTRF000607//044525545
:61:1606030603D4165,00NTRF000447//047308887
:61:1606030603D4179,00NTRF000006//042202603
:61:1606030603D4200,00NTRF000655//044525219
:61:1606030603D4228,00NTRF000612//044583001
:61:1606030603D4232,07NTRF000924//044525700
:61:1606030603D4240,18NTRF000655//044525700
:61:1606030603D4243,09NTRF000661//044525716
:61:1606030603D4258,62NTRF000653//044585777
:61:1606030603D4279,68NTRF000721//042809921
:61:1606030603D4300,00NTRF000414//046910710
:61:1606030603D4300,00NTRF000603//044579326
:61:1606030603D4318,70NTRF000760//044583151
:61:1606030603D4335,00NTRF000694//044525225
:61:1606030603D4350,00NTRF000703//044206604
:61:1606030603D4380,00NTRF000967//044525222
:61:1606030603D4437,20NTRF000762//040407996
:61:1606030603D4488,96NTRF000974//044525225
:61:1606030603D4500,00NTRF000637//045004799
:61:1606030603D4513,92NTRF000562//042202847
:61:1606030603D4530,81NTRF000036//043807606
:61:1606030603D4540,00NTRF000672//044525202
:61:1606030603D4550,00NTRF000774//044525957
:61:1606030603D4558,80NTRF000301//047501602
:61:1606030603D4566,65NTRF000420//044030878
:61:1606030603D4566,65NTRF000419//044030878
:61:1606030603D4575,21NTRF000953//044030767
:61:1606030603D4582,00NTRF000751//044525225
:61:1606030603D4600,00NTRF000092//044030653
:61:1606030603D4656,40NTRF000626//044525225
:61:1606030603D4660,28NTRF000563//042202847
:61:1606030603D4672,80NTRF000772//040407996
:61:1606030603D4700,00NTRF000727//043601607
:61:1606030603D4720,00NTRF000426//042202705
:61:1606030603D4750,00NTRF000009//044030790
:61:1606030603D4754,02NTRF000637//044552603
:61:1606030603D4776,02NTRF000948//045402790
:61:1606030603D4789,00NTRF000597//044030791
:61:1606030603D4797,24NTRF000635//044525700
:61:1606030603D4808,54NTRF000049//044030858
:61:1606030603D4828,13NTRF000552//044525593
:61:1606030603D4831,40NTRF000022//044585777
:61:1606030603D4837,82NTRF000887//046577965
:61:1606030603D4890,00NTRF000964//046577935
:61:1606030603D4924,50NTRF000411//044525545
:61:1606030603D4943,90NTRF000701//044525202
:61:1606030603D4950,00NTRF000839//044525593
:61:1606030603D4950,00NTRF000653//044585460
:61:1606030603D4982,20NTRF000635//044525202
:61:1606030603D4995,00NTRF000632//044959711
:61:1606030603D4999,89NTRF000727//049205603
:61:1606030603D4999,89NTRF000728//049205603
:61:1606030603D4999,89NTRF000730//049205603
:61:1606030603D4999,89NTRF000733//047888732
:61:1606030603D4999,89NTRF000734//040395833
:61:1606030603D4999,89NTRF000716//040349713
:61:1606030603D4999,89NTRF000679//049205603
:61:1606030603D4999,89NTRF000684//047888670
:61:1606030603D4999,89NTRF000685//049205603
:61:1606030603D4999,89NTRF000686//049205603
:61:1606030603D4999,89NTRF000690//049205844
:61:1606030603D4999,89NTRF000693//049205603
:61:1606030603D4999,89NTRF000696//049205603
:61:1606030603D4999,89NTRF000725//045004641
:61:1606030603D4999,89NTRF000723//049205603
:61:1606030603D4999,89NTRF000718//047888670
:61:1606030603D4999,89NTRF000711//045004641
:61:1606030603D4999,89NTRF000710//049205603
:61:1606030603D4999,89NTRF000709//040349602
:61:1606030603D4999,89NTRF000697//049205603
:61:1606030603D5000,00NTRF000277//046577971
:61:1606030603D5000,00NTRF000289//046577859
:61:1606030603D5000,00NTRF000291//046577674
:61:1606030603D5000,00NTRF000422//044525593
:61:1606030603D5000,00NTRF000305//049401601
:61:1606030603D5000,00NTRF000383//044525225
:61:1606030603D5000,00NTRF000299//045354601
:61:1606030603D5000,00NTRF000302//045773873
:61:1606030603D5000,00NTRF000638//040349556
:61:1606030603D5000,00NTRF000293//046577906
:61:1606030603D5000,76NTRF000676//044525716
:61:1606030603D5000,76NTRF000673//042520740
:61:1606030603D5000,76NTRF000672//042520607
:61:1606030603D5000,76NTRF000667//042520607
:61:1606030603D5000,76NTRF000665//042520740
:61:1606030603D5000,76NTRF000664//040407627
:61:1606030603D5000,76NTRF000736//040407627
:61:1606030603D5000,76NTRF000714//040407627
:61:1606030603D5000,76NTRF000704//040407627
:61:1606030603D5000,76NTRF000702//042520607
:61:1606030603D5000,76NTRF000701//042520607
:61:1606030603D5002,50NTRF000138//040407627
:61:1606030603D5012,59NTRF000422//045004774
:61:1606030603D5013,00NTRF000688//044583151
:61:1606030603D5035,10NTRF000282//044583001
:61:1606030603D5049,89NTRF000789//043601863
:61:1606030603D5075,00NTRF000461//040349558
:61:1606030603D5108,03NTRF000894//049205805
:61:1606030603D5118,30NTRF000623//044525225
:61:1606030603D5148,51NTRF000984//049033781
:61:1606030603D5156,75NTRF000660//044525700
:61:1606030603D5182,00NTRF000697//045773603
:61:1606030603D5200,00NTRF000121//044525700
:61:1606030603D5220,00NTRF000385//044525225
:61:1606030603D5260,20NTRF000624//044525225
:61:1606030603D5270,15NTRF000081//044583001
:61:1606030603D5275,84NTRF000863//044525225
:61:1606030603D5277,00NTRF000632//044525593
:61:1606030603D5279,71NTRF000091//044525232
:61:1606030603D5280,00NTRF000508//043602985
:61:1606030603D5310,00NTRF000931//046311649
:61:1606030603D5320,00NTRF000453//042007681
:61:1606030603D5350,00NTRF000852//044583616
:61:1606030603D5357,20NTRF000381//044525222
:61:1606030603D5380,00NTRF000936//044525222
:61:1606030603D5395,00NTRF000687//044583151
:61:1606030603D5400,00NTRF000831//044583104
:61:1606030603D5400,00NTRF000833//044583104
:61:1606030603D5400,00NTRF000038//044525225
:61:1606030603D5466,00NTRF000986//042202705
:61:1606030603D5470,00NTRF000940//044525222
:61:1606030603D5485,46NTRF000698//044525202
:61:1606030603D5500,00NTRF000868//044525829
:61:1606030603D5509,00NTRF000658//040507601
:61:1606030603D5556,41NTRF000683//044525202
:61:1606030603D5580,00NTRF000984//044579776
:61:1606030603D5581,40NTRF000447//044585184
:61:1606030603D5584,99NTRF000636//044583001
:61:1606030603D5602,41NTRF000969//044525922
:61:1606030603D5609,03NTRF000292//046577674
:61:1606030603D5612,00NTRF000891//044525225
:61:1606030603D5642,06NTRF000676//040507601
:61:1606030603D5663,61NTRF000800//045744863
:61:1606030603D5672,00NTRF000107//045017711
:61:1606030603D5674,94NTRF000419//044552603
:61:1606030603D5682,84NTRF000553//044525593
:61:1606030603D5690,17NTRF000610//044525202
:61:1606030603D5692,03NTRF000325//044525202
:61:1606030603D5692,03NTRF000772//044525202
:61:1606030603D5700,00NTRF000449//044525202
:61:1606030603D5715,26NTRF000989//040813608
:61:1606030603D5843,92NTRF000332//044525232
:61:1606030603D5880,00NTRF000445//046577674
:61:1606030603D5900,00NTRF000607//044583001
:61:1606030603D5939,00NTRF000100//042202603
:61:1606030603D5941,64NTRF000853//044552118
:61:1606030603D6000,00NTRF000606//044579326
:61:1606030603D6000,00NTRF000773//044579112
:61:1606030603D6000,00NTRF000011//044030001
:61:1606030603D6000,00NTRF000511//044525225
:61:1606030603D6000,00NTRF000432//044030731
:61:1606030603D6000,00NTRF000619//044525181
:61:1606030603D6000,00NTRF000616//044525225
:61:1606030603D6006,54NTRF000273//044525700
:61:1606030603D6013,24NTRF000427//044030653
:61:1606030603D6028,10NTRF000331//044525232
:61:1606030603D6077,56NTRF000040//044030811
:61:1606030603D6080,00NTRF000778//044525225
:61:1606030603D6090,00NTRF000547//044525225
:61:1606030603D6115,80NTRF000739//043601607
:61:1606030603D6152,20NTRF000588//044552603
:61:1606030603D6160,10NTRF000973//044525700
:61:1606030603D6160,22NTRF000699//046902606
:61:1606030603D6194,40NTRF000597//044525823
:61:1606030603D6280,00NTRF000935//044525222
:61:1606030603D6295,10NTRF000882//044525187
:61:1606030603D6335,30NTRF000841//044585777
:61:1606030603D6344,00NTRF000002//044525700
:61:1606030603D6401,21NTRF000695//045773882
:61:1606030603D6406,75NTRF000658//049205001
:61:1606030603D6410,00NTRF000934//042520776
:61:1606030603D6469,44NTRF000990//044525700
:61:1606030603D6490,00NTRF000449//044585184
:61:1606030603D6495,00NTRF000417//044583151
:61:1606030603D6500,45NTRF000278//044552350
:61:1606030603D6513,77NTRF000988//044705615
:61:1606030603D6537,96NTRF000580//045004641
:61:1606030603D6594,61NTRF000705//045005780
:61:1606030603D6595,41NTRF000682//044525202
:61:1606030603D6600,00NTRF000036//043601980
:61:1606030603D6610,00NTRF000860//044579203
:61:1606030603D6626,22NTRF000690//047144851
:61:1606030603D6651,95NTRF000082//044583001
:61:1606030603D6672,40NTRF000879//044525187
:61:1606030603D6703,16NTRF000722//044525225
:61:1606030603D6714,39NTRF000335//044525232
:61:1606030603D6749,60NTRF000723//046126792
:61:1606030603D6750,00NTRF000454//045004641
:61:1606030603D6760,00NTRF000090//042007681
:61:1606030603D6795,00NTRF000003//042202772
:61:1606030603D6868,00NTRF000119//044525700
:61:1606030603D6880,00NTRF000939//046615771
:61:1606030603D6900,00NTRF000983//042220715
:61:1606030603D6900,00NTRF000173//044525716
:61:1606030603D6900,71NTRF000945//047144851
:61:1606030603D6930,00NTRF000900//044525487
:61:1606030603D6938,40NTRF000622//044525225
:61:1606030603D7000,00NTRF000410//044525225
:61:1606030603D7000,00NTRF000990//046577900
:61:1606030603D7000,00NTRF000607//044579326
:61:1606030603D7035,65NTRF000889//044525187
:61:1606030603D7043,67NTRF000815//045773001
:61:1606030603D7050,04NTRF000443//046311649
:61:1606030603D7050,97NTRF000682//046577906
:61:1606030603D7073,81NTRF000664//045209673
:61:1606030603D7080,00NTRF000948//044525700
:61:1606030603D7085,78NTRF000893//044525187
:61:1606030603D7086,50NTRF000683//042520607
:61:1606030603D7103,27NTRF000679//044525202
:61:1606030603D7146,00NTRF000905//044525225
:61:1606030603D7186,04NTRF000716//044525225
:61:1606030603D7191,00NTRF000754//044525225
:61:1606030603D7200,00NTRF000413//044525225
:61:1606030603D7221,60NTRF000590//044525225
:61:1606030603D7228,68NTRF000689//045209673
:61:1606030603D7324,09NTRF000890//044525187
:61:1606030603D7380,00NTRF000463//048073770
:61:1606030603D7451,00NTRF000389//044525545
:61:1606030603D7500,00NTRF000412//044525202
:61:1606030603D7500,00NTRF000447//044525202
:61:1606030603D7500,00NTRF000602//044579326
:61:1606030603D7500,00NTRF000407//044525243
:61:1606030603D7500,00NTRF000045//044585238
:61:1606030603D7500,00NTRF000044//044585238
:61:1606030603D7500,00NTRF000043//044585238
:61:1606030603D7500,27NTRF000670//049205603
:61:1606030603D7500,60NTRF000098//040407627
:61:1606030603D7501,14NTRF000715//042520607
:61:1606030603D7510,00NTRF000090//040407627
:61:1606030603D7566,00NTRF000098//044525562
:61:1606030603D7596,12NTRF000033//048602673
:61:1606030603D7632,79NTRF000333//044525232
:61:1606030603D7786,80NTRF000700//044525225
:61:1606030603D7788,00NTRF000989//044525700
:61:1606030603D7789,87NTRF000947//042202747
:61:1606030603D7800,00NTRF000892//044525225
:61:1606030603D7800,00NTRF000815//044525225
:61:1606030603D7830,00NTRF000004//042202603
:61:1606030603D7832,20NTRF000674//045209673
:61:1606030603D7864,64NTRF000334//044525232
:61:1606030603D7886,98NTRF000015//044525351
:61:1606030603D7949,78NTRF000439//044525823
:61:1606030603D7980,79NTRF000047//044585171
:61:1606030603D8000,00NTRF000046//044585238
:61:1606030603D8000,00NTRF000725//044525225
:61:1606030603D8000,00NTRF000856//044525225
:61:1606030603D8000,00NTRF000613//044525716
:61:1606030603D8000,00NTRF000298//043735650
:61:1606030603D8000,00NTRF000685//044525225
:61:1606030603D8000,00NTRF000645//044525225
:61:1606030603D8000,00NTRF000739//044525225
:61:1606030603D8000,00NTRF000761//044525225
:61:1606030603D8000,00NTRF000817//044525225
:61:1606030603D8000,00NTRF000822//044525225
:61:1606030603D8020,14NTRF000873//044525187
:61:1606030603D8093,80NTRF000945//042202747
:61:1606030603D8100,00NTRF000031//044579647
:61:1606030603D8100,00NTRF000943//044525201
:61:1606030603D8147,95NTRF000971//044525225
:61:1606030603D8202,00NTRF000611//044579326
:61:1606030603D8234,97NTRF000559//049205603
:61:1606030603D8290,00NTRF000154//044583001
:61:1606030603D8369,80NTRF000687//046577906
:61:1606030603D8400,00NTRF000409//044525225
:61:1606030603D8415,80NTRF000983//044525225
:61:1606030603D8485,97NTRF000693//046577756
:61:1606030603D8495,00NTRF000520//044583001
:61:1606030603D8497,00NTRF000683//044525225
:61:1606030603D8500,00NTRF000014//044525225
:61:1606030603D8500,00NTRF000005//044525225
:61:1606030603D8543,00NTRF000040//044583001
:61:1606030603D8547,00NTRF000620//044525202
:61:1606030603D8550,49NTRF000983//047501742
:61:1606030603D8560,00NTRF000621//044525202
:61:1606030603D8639,16NTRF000715//044525225
:61:1606030603D8685,87NTRF000056//044030858
:61:1606030603D8694,90NTRF000622//042202841
:61:1606030603D8730,91NTRF000880//044525187
:61:1606030603D8749,00NTRF000548//044583001
:61:1606030603D8750,00NTRF000586//044552200
:61:1606030603D8785,67NTRF000759//044583368
:61:1606030603D8798,00NTRF000105//044525219
:61:1606030603D8800,00NTRF000779//044525957
:61:1606030603D8940,00NTRF000538//044525225
:61:1606030603D8960,00NTRF000516//044583001
:61:1606030603D8960,00NTRF000618//044525225
:61:1606030603D8960,00NTRF000558//044525225
:61:1606030603D8960,00NTRF000597//044525225
:61:1606030603D8990,00NTRF000442//044525225
:61:1606030603D9000,00NTRF000552//044525225
:61:1606030603D9000,00NTRF000572//044525225
:61:1606030603D9000,00NTRF000573//044525225
:61:1606030603D9000,00NTRF000588//044525225
:61:1606030603D9000,00NTRF000592//044525225
:61:1606030603D9000,00NTRF000593//044525225
:61:1606030603D9000,00NTRF000594//044525225
:61:1606030603D9000,00NTRF000609//044525225
:61:1606030603D9000,00NTRF000612//044525225
:61:1606030603D9000,00NTRF000615//044525225
:61:1606030603D9000,00NTRF000613//044525225
:61:1606030603D9000,00NTRF000619//044525225
:61:1606030603D9000,00NTRF000622//044583848
:61:1606030603D9000,00NTRF000632//044525225
:61:1606030603D9000,00NTRF000652//044525225
:61:1606030603D9000,00NTRF000653//044525225
:61:1606030603D9000,00NTRF000670//044525225
:61:1606030603D9000,00NTRF000657//041806647
:61:1606030603D9000,00NTRF000524//044030791
:61:1606030603D9000,00NTRF000620//044525181
:61:1606030603D9000,00NTRF000621//044525181
:61:1606030603D9000,00NTRF000673//044525225
:61:1606030603D9000,00NTRF000671//044525225
:61:1606030603D9000,00NTRF000675//044525225
:61:1606030603D9000,00NTRF000676//044525225
:61:1606030603D9000,00NTRF000683//044525225
:61:1606030603D9000,00NTRF000695//044525225
:61:1606030603D9000,00NTRF000696//044525225
:61:1606030603D9000,00NTRF000702//044525225
:61:1606030603D9000,00NTRF000717//044525225
:61:1606030603D9000,00NTRF000719//044525225
:61:1606030603D9000,00NTRF000724//044525225
:61:1606030603D9000,00NTRF000726//044525225
:61:1606030603D9000,00NTRF000740//044525225
:61:1606030603D9000,00NTRF000742//044525225
:61:1606030603D9000,00NTRF000748//044525225
:61:1606030603D9000,00NTRF000749//044525225
:61:1606030603D9000,00NTRF000762//044525225
:61:1606030603D9000,00NTRF000768//044525225
:61:1606030603D9000,00NTRF000769//044525225
:61:1606030603D9000,00NTRF000773//044525225
:61:1606030603D9000,00NTRF000778//044525225
:61:1606030603D9000,00NTRF000779//044525225
:61:1606030603D9000,00NTRF000792//044525225
:61:1606030603D9000,00NTRF000794//044525225
:61:1606030603D9000,00NTRF000501//044525225
:61:1606030603D9000,00NTRF000502//044525225
:61:1606030603D9000,00NTRF000503//044525225
:61:1606030603D9000,00NTRF000507//044525225
:61:1606030603D9000,00NTRF000508//044525225
:61:1606030603D9000,00NTRF000795//044525225
:61:1606030603D9000,00NTRF000521//044525225
:61:1606030603D9000,00NTRF000522//044525225
:61:1606030603D9000,00NTRF000524//044525225
:61:1606030603D9000,00NTRF000526//044525225
:61:1606030603D9000,00NTRF000528//044525225
:61:1606030603D9000,00NTRF000532//044525225
:61:1606030603D9000,00NTRF000816//044525225
:61:1606030603D9000,00NTRF000542//044525225
:61:1606030603D9000,00NTRF000828//044525225
:61:1606030603D9000,00NTRF000829//044525225
:61:1606030603D9000,00NTRF000833//044525225
:61:1606030603D9000,00NTRF000846//044525225
:61:1606030603D9000,00NTRF000855//044525225
:61:1606030603D9000,00NTRF000857//044525225
:61:1606030603D9000,00NTRF000862//044525225
:61:1606030603D9000,00NTRF000863//044525225
:61:1606030603D9000,00NTRF000866//044525225
:61:1606030603D9000,00NTRF000867//044525225
:61:1606030603D9000,00NTRF000868//044525225
:61:1606030603D9000,00NTRF000875//044525225
:61:1606030603D9000,00NTRF000879//044525225
:61:1606030603D9000,00NTRF000698//044583151
:61:1606030603D9000,00NTRF000896//044525225
:61:1606030603D9000,00NTRF000894//044525225
:61:1606030603D9000,00NTRF000898//044525225
:61:1606030603D9000,00NTRF000904//044525225
:61:1606030603D9000,00NTRF000908//044525225
:61:1606030603D9039,00NTRF000393//044030723
:61:1606030603D9087,52NTRF000281//044583001
:61:1606030603D9089,00NTRF000609//040813608
:61:1606030603D9102,00NTRF000782//043601607
:61:1606030603D9110,00NTRF000409//044525700
:61:1606030603D9111,50NTRF000697//046614632
:61:1606030603D9197,98NTRF000724//044030706
:61:1606030603D9201,04NTRF000872//044525187
:61:1606030603D9403,88NTRF000939//044525232
:61:1606030603D9431,92NTRF000725//044525202
:61:1606030603D9500,00NTRF000015//043601607
:61:1606030603D9511,00NTRF000523//043601872
:61:1606030603D9520,79NTRF000884//046577795
:61:1606030603D9561,00NTRF000725//044525716
:61:1606030603D9594,42NTRF000279//044583001
:61:1606030603D9600,00NTRF000413//040507705
:61:1606030603D9750,00NTRF000007//043601001
:61:1606030603D9758,69NTRF000599//044525202
:61:1606030603D9760,00NTRF000713//044525716
:61:1606030603D9784,38NTRF000950//040702703
:61:1606030603D9832,36NTRF000700//046577674
:61:1606030603D9839,63NTRF000952//044030767
:61:1606030603D9860,00NTRF000888//044525225
:61:1606030603D9875,59NTRF000561//045655635
:61:1606030603D9999,78NTRF000695//049205603
:61:1606030603D9999,78NTRF000712//049205603
:61:1606030603D10000,00NTRF000639//044525225
:61:1606030603D10000,00NTRF000647//044583001
:61:1606030603D10000,00NTRF000705//044525225
:61:1606030603D10000,00NTRF000092//040436819
:61:1606030603D10000,00NTRF000094//040407627
:61:1606030603D10000,00NTRF000294//048073601
:61:1606030603D10000,00NTRF000296//048073601
:61:1606030603D10000,00NTRF000300//047501602
:61:1606030603D10000,00NTRF000303//045773873
:61:1606030603D10000,00NTRF000575//044525202
:61:1606030603D10000,00NTRF000576//042202603
:61:1606030603D10000,00NTRF000578//044030848
:61:1606030603D10000,00NTRF000959//044525225
:61:1606030603D10000,00NTRF000272//044525225
:61:1606030603D10000,00NTRF000411//044525202
:61:1606030603D10000,00NTRF000414//044525202
:61:1606030603D10000,00NTRF000812//044525219
:61:1606030603D10000,00NTRF000075//041806647
:61:1606030603D10025,05NTRF000662//040702660
:61:1606030603D10030,00NTRF000814//044525225
:61:1606030603D10080,00NTRF000443//046015602
:61:1606030603D10127,00NTRF000782//043601706
:61:1606030603D10165,09NTRF000660//040349602
:61:1606030603D10170,00NTRF000905//044525225
:61:1606030603D10219,00NTRF000861//044525243
:61:1606030603D10266,00NTRF000074//044525181
:61:1606030603D10269,61NTRF000975//044525222
:61:1606030603D10300,16NTRF000226//044525232
:61:1606030603D10407,60NTRF000865//044525593
:61:1606030603D10420,00NTRF000427//045004725
:61:1606030603D10500,00NTRF000812//040407627
:61:1606030603D10518,56NTRF000971//041117601
:61:1606030603D10537,27NTRF000555//042202603
:61:1606030603D10566,82NTRF000666//045402601
:61:1606030603D10671,92NTRF000848//044525957
:61:1606030603D10714,63NTRF000703//046577896
:61:1606030603D10728,81NTRF000926//049240759
:61:1606030603D10786,50NTRF000832//044525545
:61:1606030603D10800,00NTRF000412//044525225
:61:1606030603D10827,35NTRF000864//044525202
:61:1606030603D11000,00NTRF000099//040484333
:61:1606030603D11128,53NTRF000614//044525787
:61:1606030603D11142,86NTRF000685//046577906
:61:1606030603D11163,00NTRF000726//042809921
:61:1606030603D11267,35NTRF000644//044959698
:61:1606030603D11304,00NTRF000418//045004821
:61:1606030603D11320,00NTRF000619//044525202
:61:1606030603D11388,38NTRF000550//044525202
:61:1606030603D11404,92NTRF000227//044525831
:61:1606030603D11478,12NTRF000569//049706609
:61:1606030603D11500,00NTRF000631//044525202
:61:1606030603D11500,00NTRF000084//040407627
:61:1606030603D11500,00NTRF000115//040407627
:61:1606030603D11500,00NTRF000116//040407627
:61:1606030603D11500,00NTRF000632//045773856
:61:1606030603D11500,00NTRF000082//040407627
:61:1606030603D11604,31NTRF000979//049401601
:61:1606030603D11634,01NTRF000667//045402601
:61:1606030603D11642,00NTRF000545//044552675
:61:1606030603D11693,00NTRF000403//044525202
:61:1606030603D11700,00NTRF000414//041012603
:61:1606030603D11800,00NTRF000602//044525487
:61:1606030603D11950,00NTRF000659//044525700
:61:1606030603D12000,00NTRF000678//042520607
:61:1606030603D12000,00NTRF000052//044525225
:61:1606030603D12000,00NTRF000424//046577674
:61:1606030603D12000,00NTRF000918//044525225
:61:1606030603D12000,00NTRF000546//044525225
:61:1606030603D12000,00NTRF000560//044525225
:61:1606030603D12000,00NTRF000599//044525225
:61:1606030603D12000,00NTRF000608//044525225
:61:1606030603D12000,00NTRF000620//044525225
:61:1606030603D12000,00NTRF000623//044525225
:61:1606030603D12000,00NTRF000629//044525225
:61:1606030603D12000,00NTRF000640//044525225
:61:1606030603D12000,00NTRF000642//044525225
:61:1606030603D12000,00NTRF000643//044525225
:61:1606030603D12000,00NTRF000892//044525225
:61:1606030603D12000,00NTRF000891//044525225
:61:1606030603D12000,00NTRF000906//044525225
:61:1606030603D12000,00NTRF000907//044525225
:61:1606030603D12000,00NTRF000668//044525225
:61:1606030603D12000,00NTRF000669//044525225
:61:1606030603D12000,00NTRF000674//044525225
:61:1606030603D12000,00NTRF000678//044525225
:61:1606030603D12000,00NTRF000682//044525225
:61:1606030603D12000,00NTRF000686//044525225
:61:1606030603D12000,00NTRF000691//044525225
:61:1606030603D12000,00NTRF000692//044525225
:61:1606030603D12000,00NTRF000699//044525225
:61:1606030603D12000,00NTRF000700//044525225
:61:1606030603D12000,00NTRF000704//044525225
:61:1606030603D12000,00NTRF000708//044525225
:61:1606030603D12000,00NTRF000709//044525225
:61:1606030603D12000,00NTRF000713//044525225
:61:1606030603D12000,00NTRF000712//044525225
:61:1606030603D12000,00NTRF000714//044525225
:61:1606030603D12000,00NTRF000579//044525225
:61:1606030603D12000,00NTRF000584//044525225
:61:1606030603D12000,00NTRF000847//044525225
:61:1606030603D12000,00NTRF000729//044525225
:61:1606030603D12000,00NTRF000733//044525225
:61:1606030603D12000,00NTRF000735//044525225
:61:1606030603D12000,00NTRF000741//044525225
:61:1606030603D12000,00NTRF000743//044525225
:61:1606030603D12000,00NTRF000750//044525225
:61:1606030603D12000,00NTRF000760//044525225
:61:1606030603D12000,00NTRF000782//044525225
:61:1606030603D12000,00NTRF000790//044525225
:61:1606030603D12000,00NTRF000510//044525225
:61:1606030603D12000,00NTRF000651//044525225
:61:1606030603D12000,00NTRF000650//044525225
:61:1606030603D12000,00NTRF000527//044525225
:61:1606030603D12000,00NTRF000809//044525225
:61:1606030603D12000,00NTRF000535//044525225
:61:1606030603D12000,00NTRF000536//044525225
:61:1606030603D12000,00NTRF000823//044525225
:61:1606030603D12000,00NTRF000827//044525225
:61:1606030603D12000,00NTRF000830//044525225
:61:1606030603D12000,00NTRF000841//044525225
:61:1606030603D12000,00NTRF000096//040407627
:61:1606030603D12000,00NTRF000102//040407627
:61:1606030603D12000,00NTRF000852//044525225
:61:1606030603D12000,00NTRF000858//044525225
:61:1606030603D12000,00NTRF000869//044525225
:61:1606030603D12000,00NTRF000872//044525225
:61:1606030603D12000,00NTRF000876//044525225
:61:1606030603D12000,00NTRF000882//044525225
:61:1606030603D12000,00NTRF000881//044525225
:61:1606030603D12000,00NTRF000706//044525225
:61:1606030603D12035,00NTRF000612//044525716
:61:1606030603D12036,00NTRF000102//042282881
:61:1606030603D12053,92NTRF000038//044030811
:61:1606030603D12100,00NTRF000681//044585460
:61:1606030603D12225,88NTRF000620//044585777
:61:1606030603D12293,00NTRF000076//044206604
:61:1606030603D12350,00NTRF000382//044525225
:61:1606030603D12380,00NTRF000600//044525202
:61:1606030603D12381,00NTRF000961//044583705
:61:1606030603D12410,83NTRF000730//044525225
:61:1606030603D12437,88NTRF000681//045354601
:61:1606030603D12500,16NTRF000683//049205603
:61:1606030603D12500,16NTRF000729//049205603
:61:1606030603D12503,50NTRF000110//040407627
:61:1606030603D12600,70NTRF000702//044525225
:61:1606030603D12612,00NTRF000995//048073001
:61:1606030603D12666,26NTRF000573//049205603
:61:1606030603D12678,94NTRF000624//042809679
:61:1606030603D12870,70NTRF000680//047501982
:61:1606030603D12908,30NTRF000416//044525593
:61:1606030603D12920,00NTRF000228//044583001
:61:1606030603D12943,54NTRF000570//048071902
:61:1606030603D12948,35NTRF000876//044525187
:61:1606030603D12990,00NTRF000601//044525202
:61:1606030603D13000,00NTRF000520//044525225
:61:1606030603D13000,00NTRF000851//044525225
:61:1606030603D13000,00NTRF000077//040407627
:61:1606030603D13000,00NTRF000048//041403633
:61:1606030603D13007,00NTRF000229//044525787
:61:1606030603D13016,81NTRF000950//044030767
:61:1606030603D13050,00NTRF000944//044030775
:61:1606030603D13055,00NTRF000025//044030904
:61:1606030603D13200,00NTRF000037//044525700
:61:1606030603D13230,00NTRF000662//046910702
:61:1606030603D13404,09NTRF000109//042294000
:61:1606030603D13457,90NTRF000075//044525181
:61:1606030603D13499,20NTRF000727//046126792
:61:1606030603D13500,00NTRF000076//040407627
:61:1606030603D13568,00NTRF000433//042748705
:61:1606030603D13612,82NTRF000887//044525187
:61:1606030603D13613,00NTRF000666//046577795
:61:1606030603D13663,00NTRF000005//043601001
:61:1606030603D13740,00NTRF000810//040349602
:61:1606030603D13830,57NTRF000933//049205603
:61:1606030603D13839,67NTRF000991//044525700
:61:1606030603D13860,28NTRF000143//044525187
:61:1606030603D13864,14NTRF000677//047888670
:61:1606030603D13865,72NTRF000929//045005750
:61:1606030603D13883,33NTRF000274//044525700
:61:1606030603D13904,54NTRF000657//044525593
:61:1606030603D14000,00NTRF000912//044525225
:61:1606030603D14000,00NTRF000914//044525225
:61:1606030603D14000,00NTRF000915//044525225
:61:1606030603D14000,00NTRF000913//044525225
:61:1606030603D14000,00NTRF000917//044525225
:61:1606030603D14000,00NTRF000916//044525225
:61:1606030603D14000,00NTRF000919//044525225
:61:1606030603D14000,00NTRF000920//044525225
:61:1606030603D14000,00NTRF000543//044525225
:61:1606030603D14000,00NTRF000545//044525225
:61:1606030603D14000,00NTRF000544//044525225
:61:1606030603D14000,00NTRF000547//044525225
:61:1606030603D14000,00NTRF000550//044525225
:61:1606030603D14000,00NTRF000548//044525225
:61:1606030603D14000,00NTRF000551//044525225
:61:1606030603D14000,00NTRF000554//044525225
:61:1606030603D14000,00NTRF000556//044525225
:61:1606030603D14000,00NTRF000557//044525225
:61:1606030603D14000,00NTRF000562//044525225
:61:1606030603D14000,00NTRF000563//044525225
:61:1606030603D14000,00NTRF000564//044525225
:61:1606030603D14000,00NTRF000590//044525225
:61:1606030603D14000,00NTRF000591//044525225
:61:1606030603D14000,00NTRF000596//044525225
:61:1606030603D14000,00NTRF000595//044525225
:61:1606030603D14000,00NTRF000598//044525225
:61:1606030603D14000,00NTRF000601//044525225
:61:1606030603D14000,00NTRF000600//044525225
:61:1606030603D14000,00NTRF000603//044525225
:61:1606030603D14000,00NTRF000605//044525225
:61:1606030603D14000,00NTRF000604//044525225
:61:1606030603D14000,00NTRF000607//044525225
:61:1606030603D14000,00NTRF000610//044525225
:61:1606030603D14000,00NTRF000611//044525225
:61:1606030603D14000,00NTRF000614//044525225
:61:1606030603D14000,00NTRF000617//044525225
:61:1606030603D14000,00NTRF000621//044525225
:61:1606030603D14000,00NTRF000624//044525225
:61:1606030603D14000,00NTRF000626//044525225
:61:1606030603D14000,00NTRF000625//044525225
:61:1606030603D14000,00NTRF000633//044525225
:61:1606030603D14000,00NTRF000631//044525225
:61:1606030603D14000,00NTRF000635//044525225
:61:1606030603D14000,00NTRF000634//044525225
:61:1606030603D14000,00NTRF000641//044525225
:61:1606030603D14000,00NTRF000646//044525225
:61:1606030603D14000,00NTRF000883//044525225
:61:1606030603D14000,00NTRF000884//044525225
:61:1606030603D14000,00NTRF000893//044525225
:61:1606030603D14000,00NTRF000901//044525225
:61:1606030603D14000,00NTRF000900//044525225
:61:1606030603D14000,00NTRF000903//044525225
:61:1606030603D14000,00NTRF000910//044525225
:61:1606030603D14000,00NTRF000909//044525225
:61:1606030603D14000,00NTRF000911//044525225
:61:1606030603D14000,00NTRF000658//044525225
:61:1606030603D14000,00NTRF000660//044525225
:61:1606030603D14000,00NTRF000659//044525225
:61:1606030603D14000,00NTRF000661//044525225
:61:1606030603D14000,00NTRF000662//044525225
:61:1606030603D14000,00NTRF000664//044525225
:61:1606030603D14000,00NTRF000665//044525225
:61:1606030603D14000,00NTRF000667//044525225
:61:1606030603D14000,00NTRF000672//044525225
:61:1606030603D14000,00NTRF000679//044525225
:61:1606030603D14000,00NTRF000681//044525225
:61:1606030603D14000,00NTRF000680//044525225
:61:1606030603D14000,00NTRF000684//044525225
:61:1606030603D14000,00NTRF000687//044525225
:61:1606030603D14000,00NTRF000690//044525225
:61:1606030603D14000,00NTRF000693//044525225
:61:1606030603D14000,00NTRF000694//044525225
:61:1606030603D14000,00NTRF000697//044525225
:61:1606030603D14000,00NTRF000703//044525225
:61:1606030603D14000,00NTRF000705//044525225
:61:1606030603D14000,00NTRF000706//044525225
:61:1606030603D14000,00NTRF000710//044525225
:61:1606030603D14000,00NTRF000715//044525225
:61:1606030603D14000,00NTRF000716//044525225
:61:1606030603D14000,00NTRF000718//044525225
:61:1606030603D14000,00NTRF000721//044525225
:61:1606030603D14000,00NTRF000720//044525225
:61:1606030603D14000,00NTRF000723//044525225
:61:1606030603D14000,00NTRF000566//044525225
:61:1606030603D14000,00NTRF000565//044525225
:61:1606030603D14000,00NTRF000569//044525225
:61:1606030603D14000,00NTRF000570//044525225
:61:1606030603D14000,00NTRF000575//044525225
:61:1606030603D14000,00NTRF000576//044525225
:61:1606030603D14000,00NTRF000577//044525225
:61:1606030603D14000,00NTRF000580//044525225
:61:1606030603D14000,00NTRF000586//044525225
:61:1606030603D14000,00NTRF000589//044525225
:61:1606030603D14000,00NTRF000727//044525225
:61:1606030603D14000,00NTRF000728//044525225
:61:1606030603D14000,00NTRF000732//044525225
:61:1606030603D14000,00NTRF000734//044525225
:61:1606030603D14000,00NTRF000736//044525225
:61:1606030603D14000,00NTRF000738//044525225
:61:1606030603D14000,00NTRF000737//044525225
:61:1606030603D14000,00NTRF000745//044525225
:61:1606030603D14000,00NTRF000747//044525225
:61:1606030603D14000,00NTRF000751//044525225
:61:1606030603D14000,00NTRF000752//044525225
:61:1606030603D14000,00NTRF000755//044525225
:61:1606030603D14000,00NTRF000753//044525225
:61:1606030603D14000,00NTRF000756//044525225
:61:1606030603D14000,00NTRF000754//044525225
:61:1606030603D14000,00NTRF000757//044525225
:61:1606030603D14000,00NTRF000758//044525225
:61:1606030603D14000,00NTRF000759//044525225
:61:1606030603D14000,00NTRF000764//044525225
:61:1606030603D14000,00NTRF000763//044525225
:61:1606030603D14000,00NTRF000765//044525225
:61:1606030603D14000,00NTRF000766//044525225
:61:1606030603D14000,00NTRF000767//044525225
:61:1606030603D14000,00NTRF000770//044525225
:61:1606030603D14000,00NTRF000772//044525225
:61:1606030603D14000,00NTRF000774//044525225
:61:1606030603D14000,00NTRF000775//044525225
:61:1606030603D14000,00NTRF000776//044525225
:61:1606030603D14000,00NTRF000781//044525225
:61:1606030603D14000,00NTRF000780//044525225
:61:1606030603D14000,00NTRF000784//044525225
:61:1606030603D14000,00NTRF000783//044552350
:61:1606030603D14000,00NTRF000786//044525716
:61:1606030603D14000,00NTRF000785//044525225
:61:1606030603D14000,00NTRF000787//044525225
:61:1606030603D14000,00NTRF000789//044525225
:61:1606030603D14000,00NTRF000500//044525225
:61:1606030603D14000,00NTRF000506//044525225
:61:1606030603D14000,00NTRF000509//044525225
:61:1606030603D14000,00NTRF000513//044525225
:61:1606030603D14000,00NTRF000514//044525225
:61:1606030603D14000,00NTRF000644//044525225
:61:1606030603D14000,00NTRF000647//044525225
:61:1606030603D14000,00NTRF000648//044525225
:61:1606030603D14000,00NTRF000655//044525225
:61:1606030603D14000,00NTRF000656//044525225
:61:1606030603D14000,00NTRF000688//044525225
:61:1606030603D14000,00NTRF000681//044525225
:61:1606030603D14000,00NTRF000684//044525225
:61:1606030603D14000,00NTRF000516//044525225
:61:1606030603D14000,00NTRF000796//044525225
:61:1606030603D14000,00NTRF000797//044525225
:61:1606030603D14000,00NTRF000517//044525225
:61:1606030603D14000,00NTRF000518//044525225
:61:1606030603D14000,00NTRF000519//044525225
:61:1606030603D14000,00NTRF000799//044525225
:61:1606030603D14000,00NTRF000800//044525225
:61:1606030603D14000,00NTRF000801//044525225
:61:1606030603D14000,00NTRF000523//044525225
:61:1606030603D14000,00NTRF000802//044525225
:61:1606030603D14000,00NTRF000803//044525225
:61:1606030603D14000,00NTRF000805//044525225
:61:1606030603D14000,00NTRF000806//044525225
:61:1606030603D14000,00NTRF000529//044525225
:61:1606030603D14000,00NTRF000808//044525225
:61:1606030603D14000,00NTRF000810//044525225
:61:1606030603D14000,00NTRF000811//044525225
:61:1606030603D14000,00NTRF000812//044525225
:61:1606030603D14000,00NTRF000534//044525225
:61:1606030603D14000,00NTRF000533//044525225
:61:1606030603D14000,00NTRF000815//044525225
:61:1606030603D14000,00NTRF000818//044525225
:61:1606030603D14000,00NTRF000537//044525225
:61:1606030603D14000,00NTRF000820//044525225
:61:1606030603D14000,00NTRF000540//044525225
:61:1606030603D14000,00NTRF000541//044525716
:61:1606030603D14000,00NTRF000826//044525225
:61:1606030603D14000,00NTRF000824//044525225
:61:1606030603D14000,00NTRF000831//044525225
:61:1606030603D14000,00NTRF000835//044525225
:61:1606030603D14000,00NTRF000836//044525225
:61:1606030603D14000,00NTRF000834//044525225
:61:1606030603D14000,00NTRF000838//044525225
:61:1606030603D14000,00NTRF000840//044525225
:61:1606030603D14000,00NTRF000844//044525225
:61:1606030603D14000,00NTRF000845//044525225
:61:1606030603D14000,00NTRF000083//040407627
:61:1606030603D14000,00NTRF000849//044525225
:61:1606030603D14000,00NTRF000848//044525225
:61:1606030603D14000,00NTRF000850//044525225
:61:1606030603D14000,00NTRF000853//044525225
:61:1606030603D14000,00NTRF000860//044525225
:61:1606030603D14000,00NTRF000861//044525225
:61:1606030603D14000,00NTRF000864//044525225
:61:1606030603D14000,00NTRF000865//044525225
:61:1606030603D14000,00NTRF000870//044525225
:61:1606030603D14000,00NTRF000871//044525225
:61:1606030603D14000,00NTRF000874//044525225
:61:1606030603D14000,00NTRF000877//044525225
:61:1606030603D14000,00NTRF000880//044525225
:61:1606030603D14000,00NTRF000878//044525225
:61:1606030603D14000,51NTRF000055//044030858
:61:1606030603D14070,61NTRF000968//042202889
:61:1606030603D14180,00NTRF000888//044579476
:61:1606030603D14291,00NTRF000924//044525225
:61:1606030603D14331,65NTRF000663//044525225
:61:1606030603D14336,00NTRF000118//044525225
:61:1606030603D14356,00NTRF000937//044525600
:61:1606030603D14400,00NTRF000784//043601607
:61:1606030603D14500,00NTRF000577//049205603
:61:1606030603D14550,00NTRF000594//046577952
:61:1606030603D14600,00NTRF000011//043601607
:61:1606030603D14650,00NTRF000832//044583104
:61:1606030603D14700,00NTRF000585//044525716
:61:1606030603D14701,79NTRF000866//044552743
:61:1606030603D14755,00NTRF000462//040507803
:61:1606030603D14789,55NTRF000741//044525225
:61:1606030603D14835,00NTRF000449//044030653
:61:1606030603D14923,00NTRF000441//044552989
:61:1606030603D14937,81NTRF000622//042809679
:61:1606030603D14999,88NTRF000129//041403633
:61:1606030603D14999,88NTRF000128//041403633
:61:1606030603D15000,00NTRF000626//044525700
:61:1606030603D15000,00NTRF000804//044525225
:61:1606030603D15000,00NTRF000085//040407627
:61:1606030603D15000,00NTRF000095//040407627
:61:1606030603D15000,00NTRF000097//040407627
:61:1606030603D15000,00NTRF000079//040484759
:61:1606030603D15000,00NTRF000080//040407627
:61:1606030603D15000,00NTRF000684//046015602
:61:1606030603D15000,00NTRF000253//044030653
:61:1606030603D15000,00NTRF000892//044583267
:61:1606030603D15000,00NTRF000396//046015991
:61:1606030603D15000,00NTRF000394//044525700
:61:1606030603D15000,00NTRF000712//044525716
:61:1606030603D15050,00NTRF000752//044695151
:61:1606030603D15138,36NTRF000560//048073601
:61:1606030603D15167,23NTRF000698//044525225
:61:1606030603D15180,00NTRF000726//044585297
:61:1606030603D15250,00NTRF000262//044525767
:61:1606030603D15300,00NTRF000338//044583151
:61:1606030603D15471,85NTRF000678//047501602
:61:1606030603D15541,00NTRF000901//044525225
:61:1606030603D15562,62NTRF000013//044525202
:61:1606030603D15576,07NTRF000321//044030804
:61:1606030603D15651,00NTRF000327//044552989
:61:1606030603D15685,00NTRF000395//044525986
:61:1606030603D15764,83NTRF000060//044030858
:61:1606030603D15769,00NTRF000247//044030790
:61:1606030603D15800,00NTRF000813//044525225
:61:1606030603D15864,08NTRF000072//044030858
:61:1606030603D15980,00NTRF000662//044583119
:61:1606030603D16000,00NTRF000338//044525225
:61:1606030603D16000,00NTRF000602//044525225
:61:1606030603D16000,00NTRF000606//044525225
:61:1606030603D16000,00NTRF000627//044525225
:61:1606030603D16000,00NTRF000886//044525225
:61:1606030603D16000,00NTRF000885//044525225
:61:1606030603D16000,00NTRF000666//044525225
:61:1606030603D16000,00NTRF000698//044525225
:61:1606030603D16000,00NTRF000722//044525225
:61:1606030603D16000,00NTRF000571//044525225
:61:1606030603D16000,00NTRF000582//044525225
:61:1606030603D16000,00NTRF000657//044525225
:61:1606030603D16000,00NTRF000689//044525225
:61:1606030603D16000,00NTRF000525//044525225
:61:1606030603D16000,00NTRF000819//044525225
:61:1606030603D16000,00NTRF000825//044525225
:61:1606030603D16000,00NTRF000837//044525225
:61:1606030603D16000,00NTRF000851//044525225
:61:1606030603D16000,00NTRF000873//044525225
:61:1606030603D16000,00NTRF000702//044525225
:61:1606030603D16069,33NTRF000120//043601980
:61:1606030603D16071,56NTRF000691//043601607
:61:1606030603D16084,24NTRF000056//044525716
:61:1606030603D16108,00NTRF000255//044030858
:61:1606030603D16162,10NTRF000653//046311649
:61:1606030603D16222,99NTRF000722//044585161
:61:1606030603D16233,00NTRF000954//046902606
:61:1606030603D16289,11NTRF000976//044525593
:61:1606030603D16290,42NTRF000428//044579311
:61:1606030603D16292,00NTRF000515//044583001
:61:1606030603D16340,09NTRF000709//044525388
:61:1606030603D16385,13NTRF000643//044525225
:61:1606030603D16431,74NTRF000252//044030858
:61:1606030603D16444,75NTRF000396//044525957
:61:1606030603D16453,92NTRF000174//044525225
:61:1606030603D16496,00NTRF000270//044030858
:61:1606030603D16500,00NTRF000146//044579505
:61:1606030603D16500,18NTRF000268//044030804
:61:1606030603D16520,00NTRF000640//044525448
:61:1606030603D16590,83NTRF000886//045017776
:61:1606030603D16692,53NTRF000557//043601980
:61:1606030603D16697,57NTRF000842//044525219
:61:1606030603D16735,55NTRF000675//049205745
:61:1606030603D16756,00NTRF000871//044525495
:61:1606030603D16769,50NTRF000243//044030858
:61:1606030603D16839,79NTRF000500//044525716
:61:1606030603D16988,00NTRF000732//044583001
:61:1606030603D17000,00NTRF000549//044525225
:61:1606030603D17000,00NTRF000561//044525225
:61:1606030603D17000,00NTRF000839//044525225
:61:1606030603D17000,00NTRF000854//044525225
:61:1606030603D17000,00NTRF000683//044525225
:61:1606030603D17007,58NTRF000695//047003608
:61:1606030603D17012,69NTRF000699//044525593
:61:1606030603D17033,46NTRF000883//048073770
:61:1606030603D17145,98NTRF000765//044583368
:61:1606030603D17150,00NTRF000442//046126708
:61:1606030603D17290,51NTRF000970//044525225
:61:1606030603D17295,86NTRF000850//044525225
:61:1606030603D17300,00NTRF000747//044525311
:61:1606030603D17323,34NTRF000942//044525225
:61:1606030603D17444,49NTRF000280//044583001
:61:1606030603D17500,00NTRF000574//044525716
:61:1606030603D17530,00NTRF000087//040484333
:61:1606030603D17685,25NTRF000589//044525225
:61:1606030603D17685,25NTRF000590//044525225
:61:1606030603D17685,25NTRF000591//044525225
:61:1606030603D17700,00NTRF000103//042282881
:61:1606030603D17850,00NTRF000835//044525716
:61:1606030603D17928,45NTRF000657//044525700
:61:1606030603D17962,25NTRF000926//044525600
:61:1606030603D17964,12NTRF000249//044030790
:61:1606030603D18000,00NTRF000638//044525225
:61:1606030603D18000,00NTRF000636//044525225
:61:1606030603D18000,00NTRF000887//044525225
:61:1606030603D18000,00NTRF000890//044525225
:61:1606030603D18000,00NTRF000701//044525225
:61:1606030603D18000,00NTRF000578//044525225
:61:1606030603D18000,00NTRF000583//044525225
:61:1606030603D18000,00NTRF000791//044525225
:61:1606030603D18000,00NTRF000649//044525225
:61:1606030603D18000,00NTRF000798//044525225
:61:1606030603D18000,00NTRF000807//044525225
:61:1606030603D18000,00NTRF000531//044525225
:61:1606030603D18000,00NTRF000539//044525225
:61:1606030603D18000,00NTRF000093//040407627
:61:1606030603D18000,00NTRF000690//044525225
:61:1606030603D18000,00NTRF000691//044525225
:61:1606030603D18000,00NTRF000699//044525225
:61:1606030603D18000,00NTRF000988//042282751
:61:1606030603D18000,00NTRF000411//044525225
:61:1606030603D18200,00NTRF000843//044959698
:61:1606030603D18241,44NTRF000659//044525202
:61:1606030603D18304,71NTRF000846//044525225
:61:1606030603D18354,71NTRF000146//044583001
:61:1606030603D18430,00NTRF000939//044525222
:61:1606030603D18816,62NTRF000288//046577971
:61:1606030603D18835,16NTRF000952//044525700
:61:1606030603D18843,20NTRF000757//044525225
:61:1606030603D18890,43NTRF000885//044525187
:61:1606030603D18939,29NTRF000886//044583001
:61:1606030603D18973,50NTRF000936//044525600
:61:1606030603D19000,00NTRF000630//044525225
:61:1606030603D19000,00NTRF000897//044525225
:61:1606030603D19000,00NTRF000788//044525225
:61:1606030603D19000,00NTRF000504//044525225
:61:1606030603D19000,00NTRF000842//044525225
:61:1606030603D19000,00NTRF000016//043601607
:61:1606030603D19049,10NTRF000642//044583104
:61:1606030603D19094,18NTRF000742//044525545
:61:1606030603D19183,00NTRF000107//040484333
:61:1606030603D19271,45NTRF000977//044525225
:61:1606030603D19357,56NTRF000322//044525225
:61:1606030603D19365,00NTRF000845//044030812
:61:1606030603D19463,45NTRF000053//044030858
:61:1606030603D19505,00NTRF000261//044030858
:61:1606030603D19533,65NTRF000986//047501742
:61:1606030603D19582,47NTRF000191//044585659
:61:1606030603D19600,00NTRF000142//044525279
:61:1606030603D19617,60NTRF000974//044525907
:61:1606030603D19720,86NTRF000884//044525187
:61:1606030603D19842,00NTRF000392//044525986
:61:1606030603D19877,50NTRF000260//044525545
:61:1606030603D20000,00NTRF000078//040484759
:61:1606030603D20000,00NTRF000081//040407627
:61:1606030603D20000,00NTRF000136//044525232
:61:1606030603D20000,00NTRF000505//044525225
:61:1606030603D20000,00NTRF000677//044525225
:61:1606030603D20000,00NTRF000899//044525225
:61:1606030603D20000,00NTRF000619//044585161
:61:1606030603D20000,00NTRF000797//044525232
:61:1606030603D20000,00NTRF000257//044525225
:61:1606030603D20000,00NTRF000438//040502717
:61:1606030603D20000,00NTRF000117//040407627
:61:1606030603D20000,00NTRF000421//044525222
:61:1606030603D20000,00NTRF000406//044525243
:61:1606030603D20095,65NTRF000854//044525225
:61:1606030603D20169,74NTRF000042//044583501
:61:1606030603D20172,40NTRF000572//044525716
:61:1606030603D20352,65NTRF000016//044030733
:61:1606030603D20355,00NTRF000017//044030858
:61:1606030603D20386,08NTRF000098//044525225
:61:1606030603D20462,76NTRF000978//044525593
:61:1606030603D20468,05NTRF000050//044030858
:61:1606030603D20572,90NTRF000975//044525225
:61:1606030603D20600,00NTRF000718//044525976
:61:1606030603D20660,64NTRF000097//044525225
:61:1606030603D20680,00NTRF000405//046577896
:61:1606030603D20738,00NTRF000328//044552989
:61:1606030603D20768,00NTRF000012//044030804
:61:1606030603D20796,58NTRF000400//044525351
:61:1606030603D20880,00NTRF000496//044525716
:61:1606030603D20984,16NTRF000692//043601607
:61:1606030603D21000,00NTRF000695//044525225
:61:1606030603D21000,00NTRF000843//044525225
:61:1606030603D21000,00NTRF000793//044525225
:61:1606030603D21000,00NTRF000574//044525225
:61:1606030603D21000,00NTRF000581//044525225
:61:1606030603D21000,00NTRF000587//044525225
:61:1606030603D21000,00NTRF000637//044525225
:61:1606030603D21000,00NTRF000555//044525225
:61:1606030603D21000,00NTRF000871//044583267
:61:1606030603D21003,84NTRF000100//044525225
:61:1606030603D21168,02NTRF000384//044583685
:61:1606030603D21250,00NTRF000959//044525831
:61:1606030603D21507,00NTRF000400//044583151
:61:1606030603D21530,00NTRF000875//044030804
:61:1606030603D21532,50NTRF000269//044525545
:61:1606030603D21590,00NTRF000781//046577964
:61:1606030603D21644,05NTRF000639//044030714
:61:1606030603D21661,01NTRF000551//044525716
:61:1606030603D21751,92NTRF000703//041806647
:61:1606030603D21947,00NTRF000903//044525225
:61:1606030603D21960,00NTRF000777//044525060
:61:1606030603D21977,70NTRF000012//043601607
:61:1606030603D22000,00NTRF000814//044525225
:61:1606030603D22000,00NTRF000731//044525225
:61:1606030603D22161,47NTRF000595//044525545
:61:1606030603D22252,72NTRF000955//044579709
:61:1606030603D22269,80NTRF000511//044525225
:61:1606030603D22269,93NTRF000506//044525225
:61:1606030603D22270,14NTRF000503//044525225
:61:1606030603D22270,14NTRF000502//044583974
:61:1606030603D22400,00NTRF000896//044583685
:61:1606030603D22420,54NTRF000890//044525232
:61:1606030603D22421,66NTRF000943//044525787
:61:1606030603D22437,95NTRF000877//046015602
:61:1606030603D22546,26NTRF000589//044525716
:61:1606030603D22590,00NTRF000938//044583990
:61:1606030603D22665,00NTRF000675//044579326
:61:1606030603D22748,62NTRF000498//044525545
:61:1606030603D22799,70NTRF000934//044525600
:61:1606030603D22837,33NTRF000700//042007681
:61:1606030603D22915,53NTRF000953//044585975
:61:1606030603D22927,00NTRF000514//044583001
:61:1606030603D22953,56NTRF000508//044525700
:61:1606030603D22983,00NTRF000435//044525880
:61:1606030603D23000,00NTRF000703//044525225
:61:1606030603D23000,00NTRF000701//044525225
:61:1606030603D23000,00NTRF000530//044525225
:61:1606030603D23000,00NTRF000821//044525225
:61:1606030603D23000,00NTRF000832//044525225
:61:1606030603D23000,00NTRF000512//044525225
:61:1606030603D23000,00NTRF000568//044525225
:61:1606030603D23000,00NTRF000628//044525225
:61:1606030603D23000,00NTRF000643//044583001
:61:1606030603D23000,00NTRF000902//044525225
:61:1606030603D23000,00NTRF000559//044525225
:61:1606030603D23316,34NTRF000606//044525202
:61:1606030603D23529,79NTRF000633//042007681
:61:1606030603D23613,03NTRF000393//044583001
:61:1606030603D23656,80NTRF000522//044525225
:61:1606030603D23671,18NTRF000940//044525848
:61:1606030603D23700,00NTRF000408//044525225
:61:1606030603D23771,69NTRF000265//044525593
:61:1606030603D23806,45NTRF000126//040407627
:61:1606030603D23864,69NTRF000558//049205603
:61:1606030603D24000,00NTRF000859//044525225
:61:1606030603D24000,00NTRF000895//044525202
:61:1606030603D24000,00NTRF000553//044525225
:61:1606030603D24000,00NTRF000615//044525232
:61:1606030603D24000,00NTRF000114//040407627
:61:1606030603D24000,00NTRF000286//046551854
:61:1606030603D24030,00NTRF000399//046015988
:61:1606030603D24120,00NTRF000410//044525700
:61:1606030603D24212,60NTRF000673//042202847
:61:1606030603D24255,97NTRF000704//044525243
:61:1606030603D24308,00NTRF000036//044525957
:61:1606030603D24327,43NTRF000419//045209673
:61:1606030603D24395,50NTRF000509//044525225
:61:1606030603D24395,50NTRF000510//044525700
:61:1606030603D24511,92NTRF000062//044030858
:61:1606030603D24557,28NTRF000632//044525716
:61:1606030603D24594,27NTRF000836//044525225
:61:1606030603D24634,66NTRF000133//040407627
:61:1606030603D24762,53NTRF000868//044525225
:61:1606030603D25000,00NTRF000692//044525225
:61:1606030603D25000,00NTRF000813//044525225
:61:1606030603D25000,00NTRF000515//044525225
:61:1606030603D25000,00NTRF000707//044525225
:61:1606030603D25000,00NTRF000195//046577906
:61:1606030603D25000,00NTRF000615//044030653
:61:1606030603D25000,00NTRF000035//044525225
:61:1606030603D25000,00NTRF000403//044525700
:61:1606030603D25000,50NTRF000132//040484333
:61:1606030603D25000,50NTRF000135//040407627
:61:1606030603D25016,00NTRF000947//044525700
:61:1606030603D25056,00NTRF000063//041806779
:61:1606030603D25091,00NTRF000614//044579326
:61:1606030603D25408,50NTRF000263//044525700
:61:1606030603D25619,00NTRF000153//044583001
:61:1606030603D25700,00NTRF000711//042202603
:61:1606030603D25770,00NTRF000024//040349602
:61:1606030603D25800,00NTRF000702//044552743
:61:1606030603D25800,00NTRF000712//044552743
:61:1606030603D25800,00NTRF000722//044552743
:61:1606030603D25800,00NTRF000732//044552743
:61:1606030603D26000,00NTRF000103//044525716
:61:1606030603D26013,00NTRF000109//040407627
:61:1606030603D26424,92NTRF000101//044525545
:61:1606030603D26538,99NTRF000981//044583001
:61:1606030603D26642,04NTRF000951//044525700
:61:1606030603D26767,88NTRF000596//044599244
:61:1606030603D26784,00NTRF000109//044525181
:61:1606030603D26789,77NTRF000654//044525700
:61:1606030603D26805,95NTRF000277//044030804
:61:1606030603D26877,00NTRF000007//044525311
:61:1606030603D26886,04NTRF000654//044585777
:61:1606030603D27000,00NTRF000744//044525225
:61:1606030603D27000,00NTRF000688//044030653
:61:1606030603D27000,00NTRF000959//043601919
:61:1606030603D27225,00NTRF000680//044585460
:61:1606030603D27337,68NTRF000932//042202603
:61:1606030603D27400,00NTRF000420//044525225
:61:1606030603D27486,29NTRF000635//044525202
:61:1606030603D27500,00NTRF000854//044030778
:61:1606030603D27600,00NTRF000124//040407627
:61:1606030603D27644,98NTRF000253//044030858
:61:1606030603D27813,56NTRF000069//044030858
:61:1606030603D28000,00NTRF000685//044525225
:61:1606030603D28000,00NTRF000746//044525225
:61:1606030603D28000,00NTRF000872//044583267
:61:1606030603D28000,00NTRF000852//044583267
:61:1606030603D28000,00NTRF000318//046015602
:61:1606030603D28000,00NTRF000017//043601607
:61:1606030603D28033,00NTRF000264//043601980
:61:1606030603D28054,35NTRF000980//041012733
:61:1606030603D28164,62NTRF000853//044525225
:61:1606030603D28263,22NTRF000883//044525187
:61:1606030603D28372,14NTRF000052//044030858
:61:1606030603D28386,57NTRF000597//044525225
:61:1606030603D28442,48NTRF000063//044030858
:61:1606030603D28608,00NTRF000923//044525225
:61:1606030603D28620,00NTRF000766//044525225
:61:1606030603D28646,70NTRF000691//044579110
:61:1606030603D28700,00NTRF000448//044525593
:61:1606030603D28750,00NTRF000993//044552350
:61:1606030603D28809,70NTRF000652//044585777
:61:1606030603D28840,44NTRF000764//044525225
:61:1606030603D28925,42NTRF000692//044579110
:61:1606030603D29000,00NTRF000704//044525202
:61:1606030603D29248,00NTRF000401//044583151
:61:1606030603D29288,45NTRF000592//044525202
:61:1606030603D29500,00NTRF000012//044525202
:61:1606030603D29505,60NTRF000870//044585297
:61:1606030603D29731,86NTRF000671//044525700
:61:1606030603D29822,76NTRF000051//044030858
:61:1606030603D29900,00NTRF000663//044525225
:61:1606030603D29999,76NTRF000131//040407627
:61:1606030603D30000,00NTRF000682//044525225
:61:1606030603D30000,00NTRF000806//040349722
:61:1606030603D30000,00NTRF000963//044525593
:61:1606030603D30000,00NTRF000661//040349602
:61:1606030603D30000,00NTRF000118//040407627
:61:1606030603D30000,00NTRF000242//044525232
:61:1606030603D30000,00NTRF000113//044525256
:61:1606030603D30000,00NTRF000668//044525202
:61:1606030603D30000,00NTRF000730//044525225
:61:1606030603D30000,00NTRF000771//044525225
:61:1606030603D30000,80NTRF000142//040407627
:61:1606030603D30193,55NTRF000125//040407627
:61:1606030603D30228,36NTRF000425//044525593
:61:1606030603D30300,00NTRF000034//044525545
:61:1606030603D30520,20NTRF000507//044525225
:61:1606030603D30528,96NTRF000852//044552118
:61:1606030603D30620,00NTRF000110//044525181
:61:1606030603D30680,00NTRF000499//044583303
:61:1606030603D30735,12NTRF000762//044525787
:61:1606030603D30800,00NTRF000074//047003608
:61:1606030603D30800,00NTRF000401//044583001
:61:1606030603D31000,00NTRF000590//044552866
:61:1606030603D31060,00NTRF000009//044583119
:61:1606030603D31194,00NTRF000246//044525593
:61:1606030603D31461,77NTRF000266//044030858
:61:1606030603D31480,00NTRF000696//044030852
:61:1606030603D31635,80NTRF000070//044583685
:61:1606030603D31868,00NTRF000259//044525545
:61:1606030603D31875,77NTRF000603//049205806
:61:1606030603D31931,10NTRF000415//044579901
:61:1606030603D31993,41NTRF000430//040502717
:61:1606030603D32000,00NTRF000654//044525225
:61:1606030603D32000,00NTRF000711//044525225
:61:1606030603D32080,00NTRF000870//044525787
:61:1606030603D32220,16NTRF000136//040484333
:61:1606030603D32244,14NTRF000634//049205603
:61:1606030603D32258,96NTRF000499//044525202
:61:1606030603D32291,00NTRF000143//044583119
:61:1606030603D32450,82NTRF000078//044030809
:61:1606030603D32463,00NTRF000637//044585777
:61:1606030603D32500,00NTRF000630//044525700
:61:1606030603D32500,00NTRF000628//044525700
:61:1606030603D32500,00NTRF000677//044525225
:61:1606030603D32500,32NTRF000139//046015602
:61:1606030603D32500,32NTRF000130//040407627
:61:1606030603D32500,32NTRF000134//046036297
:61:1606030603D32500,32NTRF000137//046036297
:61:1606030603D32500,32NTRF000140//046015602
:61:1606030603D32565,00NTRF000963//044525225
:61:1606030603D32902,00NTRF000494//044525202
:61:1606030603D32957,40NTRF000656//044585259
:61:1606030603D33000,00NTRF000707//044585659
:61:1606030603D33276,00NTRF000636//044585777
:61:1606030603D33483,00NTRF000761//044583151
:61:1606030603D33500,20NTRF000116//044552272
:61:1606030603D33500,20NTRF000117//044552272
:61:1606030603D33518,98NTRF000929//044525600
:61:1606030603D33669,93NTRF000702//046015223
:61:1606030603D33733,84NTRF000067//044525225
:61:1606030603D34000,00NTRF000319//047888670
:61:1606030603D34178,80NTRF000979//044583001
:61:1606030603D34432,00NTRF000441//044583001
:61:1606030603D34442,83NTRF000141//044525716
:61:1606030603D34500,00NTRF000405//044525222
:61:1606030603D34564,99NTRF000927//044525502
:61:1606030603D34751,00NTRF000882//044552632
:61:1606030603D34800,00NTRF000150//044030723
:61:1606030603D34840,00NTRF000958//044525225
:61:1606030603D34857,20NTRF000887//044525495
:61:1606030603D35000,00NTRF000661//048142733
:61:1606030603D35000,00NTRF000107//042202705
:61:1606030603D35000,00NTRF000176//044525232
:61:1606030603D35370,69NTRF000283//044525545
:61:1606030603D35666,67NTRF000123//040407627
:61:1606030603D35685,00NTRF000994//042202824
:61:1606030603D35700,00NTRF000864//044583267
:61:1606030603D35949,00NTRF000846//044959001
:61:1606030603D36013,60NTRF000728//044525225
:61:1606030603D36300,00NTRF000679//044585460
:61:1606030603D36400,00NTRF000865//044583267
:61:1606030603D36438,40NTRF000933//044585250
:61:1606030603D36490,00NTRF000676//044525225
:61:1606030603D36493,30NTRF000943//044525600
:61:1606030603D37000,00NTRF000696//044525225
:61:1606030603D37000,00NTRF000585//044525225
:61:1606030603D37125,00NTRF000147//044525545
:61:1606030603D37181,75NTRF000753//044525181
:61:1606030603D37893,90NTRF000417//044579901
:61:1606030603D37919,72NTRF000504//044525225
:61:1606030603D38000,00NTRF000633//044030768
:61:1606030603D38000,00NTRF000694//044525225
:61:1606030603D38000,00NTRF000686//044525225
:61:1606030603D39000,00NTRF000008//044583119
:61:1606030603D39000,00NTRF000491//044525787
:61:1606030603D39150,00NTRF000151//044525225
:61:1606030603D39493,50NTRF000579//040173604
:61:1606030603D39648,00NTRF000851//044030705
:61:1606030603D39680,90NTRF000493//044525700
:61:1606030603D39700,00NTRF000682//044585460
:61:1606030603D39738,86NTRF000094//044525181
:61:1606030603D39740,85NTRF000848//044525225
:61:1606030603D39957,48NTRF000869//044585161
:61:1606030603D40000,00NTRF000687//044525225
:61:1606030603D40000,00NTRF000075//044525225
:61:1606030603D40000,00NTRF000122//040407627
:61:1606030603D40000,00NTRF000700//044525225
:61:1606030603D40003,00NTRF000086//040484333
:61:1606030603D40003,00NTRF000088//040407627
:61:1606030603D40093,86NTRF000064//044030858
:61:1606030603D40439,40NTRF000501//044525593
:61:1606030603D40515,11NTRF000287//044030791
:61:1606030603D40535,78NTRF000497//044525700
:61:1606030603D40592,00NTRF000106//044579779
:61:1606030603D40642,15NTRF000565//043304609
:61:1606030603D40692,30NTRF000963//044525225
:61:1606030603D40844,24NTRF000001//044030791
:61:1606030603D41000,00NTRF000697//044525225
:61:1606030603D41000,00NTRF000689//044525225
:61:1606030603D41136,00NTRF000144//044583119
:61:1606030603D41285,20NTRF000105//044206604
:61:1606030603D41335,00NTRF000416//044583151
:61:1606030603D41500,00NTRF000644//044583001
:61:1606030603D41650,40NTRF000865//044525256
:61:1606030603D41682,49NTRF000108//043807606
:61:1606030603D41981,00NTRF000870//044579273
:61:1606030603D41985,25NTRF000977//047102651
:61:1606030603D42138,42NTRF000519//044525225
:61:1606030603D42320,00NTRF000646//044959698
:61:1606030603D42499,58NTRF000127//046036297
:61:1606030603D43185,00NTRF000026//044030904
:61:1606030603D43500,00NTRF000102//044525716
:61:1606030603D43720,00NTRF000960//044525225
:61:1606030603D43875,00NTRF000146//044525545
:61:1606030603D44000,00NTRF000742//044552743
:61:1606030603D44002,20NTRF000275//040349541
:61:1606030603D44350,21NTRF000942//044525600
:61:1606030603D44742,57NTRF000152//044525202
:61:1606030603D44840,00NTRF000193//046614632
:61:1606030603D44840,00NTRF000428//044030653
:61:1606030603D44845,78NTRF000621//044585122
:61:1606030603D45000,00NTRF000785//043601607
:61:1606030603D45000,00NTRF000611//040407627
:61:1606030603D45003,16NTRF000058//044030858
:61:1606030603D45392,24NTRF000096//044525181
:61:1606030603D45436,12NTRF000946//042511741
:61:1606030603D45676,91NTRF000101//040484333
:61:1606030603D45779,00NTRF000807//040349700
:61:1606030603D45900,00NTRF000106//040407627
:61:1606030603D46000,00NTRF000567//044525225
:61:1606030603D46000,00NTRF000113//046614711
:61:1606030603D46000,00NTRF000112//046614711
:61:1606030603D46000,00NTRF000108//044525225
:61:1606030603D46000,00NTRF000111//046614711
:61:1606030603D46078,50NTRF000881//042202603
:61:1606030603D46154,15NTRF000066//044030858
:61:1606030603D46200,00NTRF000850//044552272
:61:1606030603D46270,00NTRF000402//044525202
:61:1606030603D46633,64NTRF000071//044030858
:61:1606030603D46963,00NTRF000595//044599244
:61:1606030603D47000,00NTRF000777//044525225
:61:1606030603D47198,54NTRF000788//043678801
:61:1606030603D47492,47NTRF000427//044030791
:61:1606030603D47584,69NTRF000431//044579321
:61:1606030603D47922,47NTRF000740//047003716
:61:1606030603D47961,00NTRF000796//045773756
:61:1606030603D48000,00NTRF000889//044525225
:61:1606030603D48182,54NTRF000077//044525225
:61:1606030603D48300,00NTRF000844//044525219
:61:1606030603D48869,00NTRF000521//043601709
:61:1606030603D48875,00NTRF000517//044583001
:61:1606030603D49000,00NTRF000402//044525225
:61:1606030603D49236,00NTRF000543//044525880
:61:1606030603D49294,28NTRF000267//044030858
:61:1606030603D49311,37NTRF000874//044525187
:61:1606030603D49392,00NTRF000893//044525716
:61:1606030603D49549,00NTRF000895//044525225
:61:1606030603D49579,45NTRF000142//044525256
:61:1606030603D49714,77NTRF000946//044525272
:61:1606030603D50000,00NTRF000728//044525514
:61:1606030603D50000,00NTRF000697//045655740
:61:1606030603D50174,63NTRF000878//044525187
:61:1606030603D50180,00NTRF000805//040349722
:61:1606030603D50503,54NTRF000934//044525545
:61:1606030603D50890,10NTRF000248//044525545
:61:1606030603D50930,20NTRF000030//044525495
:61:1606030603D51000,00NTRF000425//046577940
:61:1606030603D51500,00NTRF000876//044585730
:61:1606030603D51540,36NTRF000278//044583001
:61:1606030603D51733,62NTRF000495//044525700
:61:1606030603D52721,31NTRF000057//044030858
:61:1606030603D52744,41NTRF000623//042809679
:61:1606030603D52946,90NTRF000928//044525600
:61:1606030603D53605,00NTRF000411//044525700
:61:1606030603D53637,20NTRF000887//046577930
:61:1606030603D53675,29NTRF000467//044583001
:61:1606030603D54000,00NTRF000871//044030710
:61:1606030603D54215,66NTRF000079//044583001
:61:1606030603D54719,60NTRF000933//044525600
:61:1606030603D54810,00NTRF000901//043601607
:61:1606030603D55125,00NTRF000657//044585259
:61:1606030603D55192,89NTRF000003//044583001
:61:1606030603D55770,03NTRF000069//044583119
:61:1606030603D55856,49NTRF000018//044525388
:61:1606030603D56000,00NTRF000395//043678838
:61:1606030603D56000,00NTRF000705//044525225
:61:1606030603D56000,00NTRF000591//044525716
:61:1606030603D56349,00NTRF000873//044583001
:61:1606030603D57171,29NTRF000039//044525700
:61:1606030603D57500,00NTRF000835//044525225
:61:1606030603D57500,50NTRF000089//040407627
:61:1606030603D57596,37NTRF000256//044525700
:61:1606030603D57681,00NTRF000863//044525716
:61:1606030603D58024,03NTRF000925//044525600
:61:1606030603D58082,40NTRF000629//045805602
:61:1606030603D58123,74NTRF000982//043304776
:61:1606030603D58375,00NTRF000405//044525225
:61:1606030603D58468,00NTRF000921//044583503
:61:1606030603D58551,00NTRF000546//044525225
:61:1606030603D59033,70NTRF000951//044030767
:61:1606030603D59199,50NTRF000980//044583001
:61:1606030603D59469,82NTRF000091//042202603
:61:1606030603D59710,22NTRF000275//044525225
:61:1606030603D60000,00NTRF000106//044525225
:61:1606030603D60000,00NTRF000112//040407627
:61:1606030603D60000,00NTRF000120//040407627
:61:1606030603D60000,00NTRF000119//040407627
:61:1606030603D60000,00NTRF000121//040407627
:61:1606030603D60049,60NTRF000729//044525232
:61:1606030603D60839,52NTRF000244//044525202
:61:1606030603D60850,00NTRF000088//044525181
:61:1606030603D60850,00NTRF000089//044525181
:61:1606030603D61596,00NTRF000076//044525181
:61:1606030603D61600,00NTRF000783//043601869
:61:1606030603D62054,14NTRF000258//044525700
:61:1606030603D62361,59NTRF000068//044030858
:61:1606030603D62500,00NTRF000629//044525700
:61:1606030603D62500,00NTRF000104//040407627
:61:1606030603D62633,66NTRF000849//044525225
:61:1606030603D62648,05NTRF000962//044525225
:61:1606030603D62846,36NTRF000254//044525545
:61:1606030603D62948,80NTRF000882//042007681
:61:1606030603D64447,85NTRF000780//044030765
:61:1606030603D64600,00NTRF000111//040407627
:61:1606030603D64660,00NTRF000907//044583119
:61:1606030603D64974,91NTRF000841//044525202
:61:1606030603D64999,64NTRF000100//041806647
:61:1606030603D65190,21NTRF000059//044030858
:61:1606030603D65664,64NTRF000749//044583843
:61:1606030603D66048,86NTRF000936//044525202
:61:1606030603D66160,61NTRF000981//043304728
:61:1606030603D67260,00NTRF000007//044030852
:61:1606030603D67500,00NTRF000033//044525545
:61:1606030603D67935,56NTRF000399//044525351
:61:1606030603D69532,00NTRF000993//042202824
:61:1606030603D70000,00NTRF000398//044583001
:61:1606030603D70035,00NTRF000704//041403633
:61:1606030603D70787,59NTRF000544//044525683
:61:1606030603D71042,40NTRF000099//044525225
:61:1606030603D71358,03NTRF000965//044585259
:61:1606030603D71718,38NTRF000949//044030767
:61:1606030603D71900,00NTRF000769//044579196
:61:1606030603D72200,00NTRF000175//044525225
:61:1606030603D72478,89NTRF000954//044525202
:61:1606030603D73140,31NTRF000061//044030858
:61:1606030603D74380,16NTRF000520//044525201
:61:1606030603D74399,43NTRF000103//040407627
:61:1606030603D74705,59NTRF000089//044525225
:61:1606030603D74999,97NTRF000226//044525225
:61:1606030603D75000,00NTRF000522//044525219
:61:1606030603D75000,00NTRF000014//043601607
:61:1606030603D75262,64NTRF000843//044030811
:61:1606030603D75644,41NTRF000851//044525225
:61:1606030603D75680,00NTRF000790//044525225
:61:1606030603D76287,74NTRF000271//044525225
:61:1606030603D76454,00NTRF000521//044583001
:61:1606030603D77580,00NTRF000106//044579304
:61:1606030603D78192,00NTRF000278//044030804
:61:1606030603D78232,99NTRF000385//044525562
:61:1606030603D78269,40NTRF000026//044585777
:61:1606030603D78269,40NTRF000027//044585777
:61:1606030603D78269,40NTRF000025//044585777
:61:1606030603D78269,40NTRF000032//044585777
:61:1606030603D78269,40NTRF000029//044585777
:61:1606030603D79047,49NTRF000894//044525202
:61:1606030603D79700,00NTRF000426//045005803
:61:1606030603D80002,18NTRF000840//044525225
:61:1606030603D80240,00NTRF000498//044525225
:61:1606030603D80633,74NTRF000014//044525351
:61:1606030603D81181,36NTRF000250//044525545
:61:1606030603D81413,56NTRF000332//044525545
:61:1606030603D82221,00NTRF000918//042202001
:61:1606030603D82883,74NTRF000441//044599244
:61:1606030603D84552,82NTRF000885//044552259
:61:1606030603D86000,00NTRF000585//044206720
:61:1606030603D86404,63NTRF000693//044579110
:61:1606030603D87075,42NTRF000909//043678974
:61:1606030603D88534,22NTRF000706//044525487
:61:1606030603D88800,00NTRF000763//044583705
:61:1606030603D89000,00NTRF000616//044525225
:61:1606030603D89181,40NTRF000985//042202603
:61:1606030603D89467,26NTRF000970//044585777
:61:1606030603D89586,00NTRF000582//044525181
:61:1606030603D90848,94NTRF000070//044030858
:61:1606030603D91484,25NTRF000847//044525225
:61:1606030603D91909,28NTRF000149//044525700
:61:1606030603D93984,09NTRF000866//044583119
:61:1606030603D94300,00NTRF000895//044583119
:61:1606030603D94364,23NTRF000639//044585259
:61:1606030603D94421,09NTRF000922//044525545
:61:1606030603D94500,30NTRF000115//044552272
:61:1606030603D95039,15NTRF000930//044525600
:61:1606030603D95053,00NTRF000251//044525545
:61:1606030603D97200,00NTRF000503//040349715
:61:1606030603D97704,00NTRF000803//044585777
:61:1606030603D98231,00NTRF000145//044525225
:61:1606030603D98345,09NTRF000865//044583119
:61:1606030603D99900,00NTRF000648//044583503
:61:1606030603D100000,00NTRF000874//044583871
:61:1606030603D100000,00NTRF000406//044552603
:61:1606030603D100000,00NTRF000415//047501802
:61:1606030603D100000,00NTRF000866//044583151
:61:1606030603D100000,00NTRF000994//044525562
:61:1606030603D100300,00NTRF000896//044525225
:61:1606030603D101943,28NTRF000531//043678959
:61:1606030603D102300,00NTRF000642//044030723
:61:1606030603D102306,00NTRF000955//044583209
:61:1606030603D102589,20NTRF000843//046614757
:61:1606030603D102589,20NTRF000842//046614757
:61:1606030603D103129,02NTRF000920//040502795
:61:1606030603D103380,00NTRF000770//044525225
:61:1606030603D103796,00NTRF000841//044579629
:61:1606030603D105100,00NTRF000009//043601607
:61:1606030603D105202,90NTRF000897//044583544
:61:1606030603D105246,56NTRF000840//044552704
:61:1606030603D105299,00NTRF000917//046577001
:61:1606030603D105930,06NTRF000844//044525225
:61:1606030603D106200,00NTRF000962//044525225
:61:1606030603D106651,39NTRF000245//044525700
:61:1606030603D106674,96NTRF000848//044030791
:61:1606030603D107422,68NTRF000972//046401727
:61:1606030603D107664,25NTRF000845//044525225
:61:1606030603D108104,98NTRF000941//044525600
:61:1606030603D108694,00NTRF000682//044585259
:61:1606030603D108720,48NTRF000997//042202603
:61:1606030603D109027,97NTRF000838//044959698
:61:1606030603D109750,00NTRF000530//042908730
:61:1606030603D110198,00NTRF000864//042406608
:61:1606030603D110487,90NTRF000042//044525880
:61:1606030603D111000,00NTRF000429//044030714
:61:1606030603D111219,26NTRF000005//044583001
:61:1606030603D111380,00NTRF000436//040502717
:61:1606030603D111497,26NTRF000643//044525787
:61:1606030603D112171,39NTRF000767//044525225
:61:1606030603D112218,00NTRF000001//044525219
:61:1606030603D112430,40NTRF000942//044525545
:61:1606030603D112700,00NTRF000729//044585166
:61:1606030603D114042,00NTRF000518//044583001
:61:1606030603D114784,81NTRF000580//043807708
:61:1606030603D115230,92NTRF000940//044525600
:61:1606030603D115489,50NTRF000898//044583119
:61:1606030603D116023,50NTRF000437//044525311
:61:1606030603D116287,00NTRF000229//044583001
:61:1606030603D117467,84NTRF000008//044030868
:61:1606030603D117600,00NTRF000839//044525202
:61:1606030603D120000,00NTRF000130//044525202
:61:1606030603D120000,00NTRF000791//044525716
:61:1606030603D120000,00NTRF000625//044525232
:61:1606030603D120028,27NTRF000927//044525600
:61:1606030603D122553,66NTRF000935//044525600
:61:1606030603D122904,47NTRF000277//044583001
:61:1606030603D124000,00NTRF000107//044583209
:61:1606030603D124106,50NTRF000746//044525181
:61:1606030603D124760,00NTRF000437//040502717
:61:1606030603D125552,49NTRF000026//044525347
:61:1606030603D126650,00NTRF000172//044525225
:61:1606030603D127349,80NTRF000078//044585122
:61:1606030603D128729,28NTRF000888//046577930
:61:1606030603D129310,00NTRF000908//044525976
:61:1606030603D130000,00NTRF000638//044959698
:61:1606030603D130022,00NTRF000916//045004001
:61:1606030603D131570,00NTRF000684//044525202
:61:1606030603D132177,40NTRF000701//046015223
:61:1606030603D132757,41NTRF000593//046577952
:61:1606030603D133241,33NTRF000606//044525181
:61:1606030603D133373,00NTRF000899//044579196
:61:1606030603D133450,00NTRF000398//044583162
:61:1606030603D135000,00NTRF000627//044525700
:61:1606030603D135010,00NTRF000093//044525495
:61:1606030603D137133,29NTRF000032//044525957
:61:1606030603D137582,83NTRF000929//047106866
:61:1606030603D138788,33NTRF000900//044525716
:61:1606030603D139427,67NTRF000641//044525700
:61:1606030603D139616,59NTRF000433//044525225
:61:1606030603D140592,08NTRF000685//044525202
:61:1606030603D141824,20NTRF000698//044525351
:61:1606030603D141832,32NTRF000645//044585777
:61:1606030603D148797,58NTRF000587//044525402
:61:1606030603D149029,28NTRF000017//044585777
:61:1606030603D150000,00NTRF000596//044030852
:61:1606030603D151559,20NTRF000647//044585777
:61:1606030603D152888,00NTRF000733//044583001
:61:1606030603D154506,00NTRF000408//044525225
:61:1606030603D154992,40NTRF000577//044599957
:61:1606030603D155000,00NTRF000900//044552603
:61:1606030603D157000,00NTRF000880//044030811
:61:1606030603D159579,20NTRF000699//042007681
:61:1606030603D162250,00NTRF000013//044525225
:61:1606030603D162533,20NTRF000028//044585777
:61:1606030603D162593,38NTRF000018//044585777
:61:1606030603D162600,00NTRF000694//044525353
:61:1606030603D163964,64NTRF000852//044525225
:61:1606030603D164139,18NTRF000836//046126790
:61:1606030603D164803,52NTRF000640//044030653
:61:1606030603D164930,00NTRF000889//044525225
:61:1606030603D166587,68NTRF000931//044583212
:61:1606030603D166691,00NTRF000003//043601001
:61:1606030603D167473,00NTRF000513//044583001
:61:1606030603D167731,59NTRF000931//044525600
:61:1606030603D169961,00NTRF000144//040407001
:61:1606030603D170000,00NTRF000387//044525545
:61:1606030603D170106,19NTRF000996//044525562
:61:1606030603D170539,97NTRF000792//044525700
:61:1606030603D170890,17NTRF000033//044525545
:61:1606030603D170931,09NTRF000932//044525600
:61:1606030603D171100,00NTRF000937//044525225
:61:1606030603D173090,79NTRF000469//044583001
:61:1606030603D173460,00NTRF000867//044525202
:61:1606030603D174222,70NTRF000708//044585659
:61:1606030603D174965,00NTRF000634//044959698
:61:1606030603D175000,00NTRF000942//044525593
:61:1606030603D176245,78NTRF000731//044525225
:61:1606030603D179360,00NTRF000641//044959709
:61:1606030603D180000,00NTRF000861//044525181
:61:1606030603D180000,00NTRF000588//044525976
:61:1606030603D180705,53NTRF000589//044525225
:61:1606030603D181555,00NTRF000542//044585237
:61:1606030603D185850,00NTRF000192//044525787
:61:1606030603D186485,84NTRF000574//044583001
:61:1606030603D187416,20NTRF000580//044525225
:61:1606030603D187717,94NTRF000024//044585777
:61:1606030603D187803,71NTRF000024//044525347
:61:1606030603D189975,28NTRF000021//044585777
:61:1606030603D192000,00NTRF000031//044552603
:61:1606030603D192681,00NTRF000695//044525353
:61:1606030603D192977,75NTRF000678//044525202
:61:1606030603D194231,18NTRF000276//044583001
:61:1606030603D194582,00NTRF000082//044030735
:61:1606030603D194582,00NTRF000081//044030735
:61:1606030603D194582,00NTRF000080//044030735
:61:1606030603D194582,00NTRF000079//044030735
:61:1606030603D194582,00NTRF000083//044030735
:61:1606030603D198196,00NTRF000894//044525225
:61:1606030603D199622,89NTRF000420//044030811
:61:1606030603D200000,00NTRF000898//044525352
:61:1606030603D200000,00NTRF000842//044959733
:61:1606030603D201396,63NTRF000630//044030791
:61:1606030603D201528,66NTRF000023//044585777
:61:1606030603D201814,53NTRF000941//044525219
:61:1606030603D205519,00NTRF000748//044552712
:61:1606030603D206962,25NTRF000995//044585122
:61:1606030603D209500,00NTRF000586//044525363
:61:1606030603D211275,46NTRF000020//044585777
:61:1606030603D212400,00NTRF000943//044525545
:61:1606030603D216675,00NTRF000133//044552259
:61:1606030603D216675,00NTRF000134//044552259
:61:1606030603D221606,69NTRF000009//044525202
:61:1606030603D222068,88NTRF000602//044525181
:61:1606030603D225000,00NTRF000439//044525700
:61:1606030603D226275,45NTRF000921//044525922
:61:1606030603D226638,88NTRF000938//044525600
:61:1606030603D229795,74NTRF000651//044585777
:61:1606030603D229827,42NTRF000885//042007824
:61:1606030603D234210,00NTRF000434//044525225
:61:1606030603D236968,72NTRF000982//044583001
:61:1606030603D237156,94NTRF000634//044583001
:61:1606030603D237191,80NTRF000030//044585777
:61:1606030603D237191,80NTRF000031//044585777
:61:1606030603D240634,58NTRF000895//044583119
:61:1606030603D242393,04NTRF000016//044585777
:61:1606030603D243252,00NTRF000579//049205772
:61:1606030603D243600,00NTRF000792//044525716
:61:1606030603D245102,15NTRF000879//040484759
:61:1606030603D245359,41NTRF000016//044525347
:61:1606030603D246396,82NTRF000227//044583104
:61:1606030603D247018,13NTRF000004//044583001
:61:1606030603D247277,44NTRF000671//044525202
:61:1606030603D250000,00NTRF000224//044552675
:61:1606030603D250040,97NTRF000642//044959731
:61:1606030603D250600,00NTRF000095//044525976
:61:1606030603D253241,17NTRF000635//044583001
:61:1606030603D253445,66NTRF000436//044525700
:61:1606030603D253467,86NTRF000670//044525202
:61:1606030603D253854,84NTRF000084//044030735
:61:1606030603D258277,00NTRF000913//046311001
:61:1606030603D259000,56NTRF000276//040349541
:61:1606030603D261352,30NTRF000019//044585777
:61:1606030603D265000,00NTRF000584//044525363
:61:1606030603D265500,00NTRF000029//044583685
:61:1606030603D266482,66NTRF000604//044525181
:61:1606030603D277974,06NTRF000667//044525202
:61:1606030603D279540,91NTRF000676//044525202
:61:1606030603D280000,00NTRF000742//044525495
:61:1606030603D282160,00NTRF000951//044525848
:61:1606030603D282949,00NTRF000914//043601001
:61:1606030603D286990,21NTRF000011//044525202
:61:1606030603D288006,38NTRF000148//044579587
:61:1606030603D290493,57NTRF000640//044525700
:61:1606030603D290779,65NTRF000665//044525202
:61:1606030603D292000,00NTRF000063//044552272
:61:1606030603D293119,25NTRF000655//044583119
:61:1606030603D295161,00NTRF000912//044030001
:61:1606030603D295763,53NTRF000022//044585777
:61:1606030603D296132,47NTRF000782//044583843
:61:1606030603D297065,00NTRF000650//044585777
:61:1606030603D300000,00NTRF000030//044525352
:61:1606030603D300195,50NTRF000578//044525225
:61:1606030603D306805,62NTRF000896//044525225
:61:1606030603D306894,40NTRF000869//044525787
:61:1606030603D307310,60NTRF000680//044525202
:61:1606030603D307998,94NTRF000666//044525202
:61:1606030603D309894,00NTRF000440//044583001
:61:1606030603D310000,00NTRF000958//044585182
:61:1606030603D310670,00NTRF000331//044525545
:61:1606030603D313779,25NTRF000036//044030705
:61:1606030603D318572,86NTRF000879//046577930
:61:1606030603D321154,65NTRF000576//044583001
:61:1606030603D331361,78NTRF000882//044525187
:61:1606030603D331875,00NTRF000991//044585460
:61:1606030603D339400,22NTRF000939//044525600
:61:1606030603D345150,00NTRF000015//044525811
:61:1606030603D346000,00NTRF000600//042202705
:61:1606030603D348329,41NTRF000880//046577674
:61:1606030603D356038,16NTRF000677//044525202
:61:1606030603D356779,16NTRF000668//044525202
:61:1606030603D361140,18NTRF000950//044525700
:61:1606030603D362261,31NTRF000587//047888670
:61:1606030603D364774,78NTRF000681//044525202
:61:1606030603D369500,00NTRF000601//045017776
:61:1606030603D374260,88NTRF000845//044525225
:61:1606030603D376880,17NTRF000664//044525202
:61:1606030603D386591,03NTRF000669//044525202
:61:1606030603D393401,78NTRF000672//044525545
:61:1606030603D393458,23NTRF000878//045773603
:61:1606030603D394000,00NTRF000599//049240748
:61:1606030603D395273,89NTRF000673//044525545
:61:1606030603D400000,00NTRF000288//044583001
:61:1606030603D400646,10NTRF000397//044525985
:61:1606030603D403155,99NTRF000890//044525181
:61:1606030603D403598,59NTRF000875//044583303
:61:1606030603D418941,97NTRF000003//044525716
:61:1606030603D443295,99NTRF000688//044525279
:61:1606030603D444000,00NTRF000750//044583843
:61:1606030603D444000,00NTRF000859//044695151
:61:1606030603D444364,40NTRF000847//044959758
:61:1606030603D447386,94NTRF000889//041708602
:61:1606030603D448400,00NTRF000104//044030809
:61:1606030603D450996,00NTRF000901//044525600
:61:1606030603D451006,75NTRF000571//044525700
:61:1606030603D460200,00NTRF000037//044030653
:61:1606030603D460685,37NTRF000686//044525202
:61:1606030603D462830,22NTRF000637//044030827
:61:1606030603D468562,50NTRF000861//044583119
:61:1606030603D469803,97NTRF000973//046311649
:61:1606030603D475424,47NTRF000010//044583119
:61:1606030603D476192,87NTRF000866//044525225
:61:1606030603D479160,00NTRF000440//044525243
:61:1606030603D482188,12NTRF000902//044525225
:61:1606030603D488332,97NTRF000903//044525957
:61:1606030603D494506,00NTRF000877//044583001
:61:1606030603D500000,00NTRF000583//044525181
:61:1606030603D500000,00NTRF000849//044959702
:61:1606030603D507140,00NTRF000874//044583001
:61:1606030603D507239,89NTRF000436//044525202
:61:1606030603D531650,00NTRF000578//044525716
:61:1606030603D540623,31NTRF000867//044583267
:61:1606030603D541723,65NTRF000985//042202603
:61:1606030603D541965,50NTRF000855//046311649
:61:1606030603D543000,00NTRF000801//046015602
:61:1606030603D548476,46NTRF000857//044552786
:61:1606030603D551943,71NTRF000581//044525243
:61:1606030603D560000,00NTRF000592//044552545
:61:1606030603D568000,00NTRF000579//044525716
:61:1606030603D570321,76NTRF000674//044525202
:61:1606030603D598841,61NTRF000772//044030888
:61:1606030603D600000,00NTRF000591//044525562
:61:1606030603D610491,64NTRF000874//044585161
:61:1606030603D613574,25NTRF000015//044585777
:61:1606030603D615127,65NTRF000904//044583685
:61:1606030603D621461,00NTRF000038//044583001
:61:1606030603D623052,55NTRF000595//044030720
:61:1606030603D632500,00NTRF000776//043601607
:61:1606030603D643475,10NTRF000598//044552785
:61:1606030603D649000,00NTRF000957//044585182
:61:1606030603D663677,23NTRF000696//044585109
:61:1606030603D678500,00NTRF000036//044030653
:61:1606030603D685197,98NTRF000732//044525222
:61:1606030603D695492,00NTRF000905//044525353
:61:1606030603D698092,00NTRF000809//040349987
:61:1606030603D700000,00NTRF000035//044525225
:61:1606030603D700000,00NTRF000131//044552259
:61:1606030603D700000,00NTRF000652//044525700
:61:1606030603D700000,00NTRF000649//044525700
:61:1606030603D700000,00NTRF000650//044525700
:61:1606030603D700000,00NTRF000130//044552259
:61:1606030603D716308,00NTRF000631//044959758
:61:1606030603D720000,00NTRF000114//044583139
:61:1606030603D727116,00NTRF000862//044525225
:61:1606030603D727900,00NTRF000758//044525272
:61:1606030603D730716,10NTRF000603//044525181
:61:1606030603D730877,84NTRF000690//044579110
:61:1606030603D735666,47NTRF000675//044525202
:61:1606030603D739860,00NTRF000859//044525225
:61:1606030603D758826,57NTRF000846//044525225
:61:1606030603D760433,58NTRF000087//044525225
:61:1606030603D765899,85NTRF000635//044525219
:61:1606030603D775996,00NTRF000714//044585161
:61:1606030603D788831,57NTRF000697//044585109
:61:1606030603D800000,00NTRF000108//042202603
:61:1606030603D800000,00NTRF000149//044525957
:61:1606030603D800000,00NTRF000802//046015281
:61:1606030603D804799,91NTRF000646//044585777
:61:1606030603D812842,56NTRF000930//044583119
:61:1606030603D816590,00NTRF000786//043601607
:61:1606030603D832722,00NTRF000040//044583001
:61:1606030603D853140,00NTRF000906//044525861
:61:1606030603D880160,80NTRF000847//044585392
:61:1606030603D885029,50NTRF000649//044585777
:61:1606030603D887975,60NTRF000848//044585392
:61:1606030603D900000,00NTRF000128//044585659
:61:1606030603D900000,00NTRF000072//044583001
:61:1606030603D900000,00NTRF000129//044585659
:61:1606030603D923028,10NTRF000844//044525225
:61:1606030603D923400,00NTRF000952//044525700
:61:1606030603D930003,62NTRF000607//044525181
:61:1606030603D931373,46NTRF000386//044525545
:61:1606030603D937156,00NTRF000858//044525225
:61:1606030603D950000,00NTRF000941//044585182
:61:1606030603D1000000,00NTRF000373//044525202
:61:1606030603D1000000,00NTRF000137//044525217
:61:1606030603D1000000,00NTRF000132//044525545
:61:1606030603D1000064,04NTRF000775//043601607
:61:1606030603D1004370,00NTRF000915//049205001
:61:1606030603D1023463,29NTRF000895//044525225
:61:1606030603D1028096,47NTRF000730//044525225
:61:1606030603D1040571,84NTRF000689//044579110
:61:1606030603D1048867,16NTRF000035//044583990
:61:1606030603D1053786,22NTRF000648//044585777
:61:1606030603D1089742,50NTRF000073//047003608
:61:1606030603D1117093,98NTRF000907//044525545
:61:1606030603D1152000,00NTRF000880//046577930
:61:1606030603D1172441,16NTRF000608//044525181
:61:1606030603D1176841,77NTRF000025//044525347
:61:1606030603D1195917,64NTRF000876//044599244
:61:1606030603D1200000,00NTRF000008//042202603
:61:1606030603D1256860,00NTRF000583//044525600
:61:1606030603D1276440,93NTRF000869//044525225
:61:1606030603D1282240,00NTRF000010//043601607
:61:1606030603D1300000,00NTRF000836//045773708
:61:1606030603D1314567,72NTRF000023//044525347
:61:1606030603D1321217,64NTRF000120//044585730
:61:1606030603D1346206,22NTRF000810//044525716
:61:1606030603D1405000,00NTRF000787//044525455
:61:1606030603D1450000,00NTRF000856//044585777
:61:1606030603D1500000,00NTRF000829//044552603
:61:1606030603D1500000,00NTRF000148//044583001
:61:1606030603D1510129,88NTRF000019//044525347
:61:1606030603D1553124,94NTRF000605//044525181
:61:1606030603D1587000,00NTRF000140//044583001
:61:1606030603D1619135,46NTRF000045//044583001
:61:1606030603D1622648,40NTRF000940//044583119
:61:1606030603D1650000,00NTRF000212//044525545
:61:1606030603D1700000,00NTRF000649//044959702
:61:1606030603D1731072,00NTRF000873//044599244
:61:1606030603D1775510,60NTRF000982//044525363
:61:1606030603D1779505,12NTRF000872//044525159
:61:1606030603D1800000,00NTRF000518//044583001
:61:1606030603D1816020,21NTRF000778//044525187
:61:1606030603D1871043,24NTRF000022//044525347
:61:1606030603D1874846,54NTRF000062//044525217
:61:1606030603D1949167,89NTRF000017//044525347
:61:1606030603D1953767,55NTRF000104//044552540
:61:1606030603D1956695,80NTRF000839//044206704
:61:1606030603D1964741,20NTRF000976//044525187
:61:1606030603D1970982,89NTRF000838//044206704
:61:1606030603D1971617,87NTRF000837//044206704
:61:1606030603D2000000,00NTRF000791//044583001
:61:1606030603D2000000,00NTRF000456//044583001
:61:1606030603D2000000,00NTRF000322//044583001
:61:1606030603D2000000,00NTRF000010//044525217
:61:1606030603D2000000,00NTRF000505//044583001
:61:1606030603D2049766,20NTRF000882//046577930
:61:1606030603D2150000,00NTRF000414//044583001
:61:1606030603D2233143,27NTRF000004//044525225
:61:1606030603D2241998,82NTRF000883//046577930
:61:1606030603D2463283,72NTRF000868//049706609
:61:1606030603D2598689,75NTRF000956//044583119
:61:1606030603D2781821,96NTRF000870//044525225
:61:1606030603D2828728,51NTRF000663//044525716
:61:1606030603D2880000,00NTRF000777//045209746
:61:1606030603D3047587,00NTRF000996//042202001
:61:1606030603D3089000,00NTRF000523//044599957
:61:1606030603D3097907,62NTRF000385//040507705
:61:1606030603D3393687,29NTRF000582//044525187
:61:1606030603D3478211,66NTRF000867//044583104
:61:1606030603D3639659,70NTRF000771//044525787
:61:1606030603D3945000,00NTRF000776//044030791
:61:1606030603D4000000,00NTRF000377//046015602
:61:1606030603D4042983,26NTRF000884//046577930
:61:1606030603D4051023,95NTRF000438//044525311
:61:1606030603D4180869,00NTRF000687//044525279
:61:1606030603D4235999,64NTRF000773//044525985
:61:1606030603D4370000,00NTRF000788//044525455
:61:1606030603D4477399,08NTRF000731//044525225
:61:1606030603D4970000,00NTRF000584//044525593
:61:1606030603D4984055,74NTRF000105//044525187
:61:1606030603D5000000,00NTRF000876//044525823
:61:1606030603D5000000,00NTRF000039//044525222
:61:1606030603D5039869,73NTRF000104//044525187
:61:1606030603D5043966,98NTRF000103//044525187
:61:1606030603D5250000,00NTRF000835//045773708
:61:1606030603D5802800,00NTRF000941//044525593
:61:1606030603D6000000,00NTRF000577//044525545
:61:1606030603D6620000,00NTRF000768//044525187
:61:1606030603D6673117,20NTRF000043//044525880
:61:1606030603D7000000,00NTRF000457//044583001
:61:1606030603D7205486,81NTRF000755//044525225
:61:1606030603D7250000,00NTRF000279//045773603
:61:1606030603D7500000,00NTRF000039//044583001
:61:1606030603D7944627,30NTRF000944//044525424
:61:1606030603D8111121,22NTRF000945//044525424
:61:1606030603D8740000,00NTRF000789//044525455
:61:1606030603D9062000,00NTRF000139//044583001
:61:1606030603D10000000,00NTRF000969//044583001
:61:1606030603D10254000,00NTRF000141//044583001
:61:1606030603D10587999,16NTRF000756//044525985
:61:1606030603D10810472,35NTRF000021//044525347
:61:1606030603D11440000,00NTRF000785//044030705
:61:1606030603D12584052,73NTRF000020//044525347
:61:1606030603D14000000,00NTRF000001//044525202
:61:1606030603D14518725,00NTRF000911//044583001
:61:1606030603D15000000,00NTRF000674//044525217
:61:1606030603D15520102,35NTRF000004//044525700
:61:1606030603D16950000,00NTRF000769//046577674
:61:1606030603D17600000,00NTRF000504//044583001
:61:1606030603D19147085,91NTRF000378//044525225
:61:1606030603D21607852,05NTRF000012//044525236
:61:1606030603D21658614,02NTRF000004//044525700
:61:1606030603D44716417,19NTRF000102//044525187
:61:1606030603D50922131,58NTRF000900//046311649
:61:1606030603D54863215,00NTRF000034//049706001
:61:1606030603D71664033,00NTRF000032//042406001
:61:1606030603D71773246,00NTRF000035//042520001
:61:1606030603D82937459,00NTRF000033//043807001
:61:1606030603D154962500,00NTRF000201//044525222
:61:1606030603D155772043,00NTRF000031//048952001
:61:1606030603D172093917,00NTRF000029//041806001
:61:1606030603D200609469,00NTRF000027//044583001
:61:1606030603D204467499,00NTRF000030//045773001
:61:1606030603D272887816,16NTRF000007//044525225
:61:1606030603D310150000,00NTRF000202//044525957
:61:1606030603D404907553,00NTRF000028//045209001
:61:1606030603D620000000,00NTRF000201//044525351
:61:1606030603D1260127000,00NTRF000279//044525545
:61:1606030603D1872165000,00NTRF000302//044525545
:62F:C160603RUB863517756,38
}$
