{1:F01DEUTRUMMXXXX0000000000}{2:O9400603160603CBRSUMMAXXXX00000000001606030603N}{4:
:20:20160603 0000002
:25:30102810300000000101
:28C:1791/1
:60F:C160603RUB863517756,38
:61:1606030603C12,45NTRF000443//044525225
:61:1606030603C20,34NTRF000906//044525225
:61:1606030603C23,60NTRF000037//044583119
:61:1606030603C27,00NTRF000987//044525700
:61:1606030603C31,08NTRF000902//044525225
:61:1606030603C43,89NTRF000904//044525225
:61:1606030603C87,44NTRF000961//044525225
:61:1606030603C100,00NTRF000617//044525232
:61:1606030603C117,60NTRF000021//044585777
:61:1606030603C130,50NTRF000412//044552675
:61:1606030603C156,70NTRF000893//049205805
:61:1606030603C200,00NTRF000297//047102651
:61:1606030603C203,81NTRF000956//044525187
:61:1606030603C204,61NTRF000930//046311649
:61:1606030603C215,98NTRF000074//044030858
:61:1606030603C216,00NTRF000647//044959698
:61:1606030603D14000000,00NTRF000001//044525202
:61:1606030603D14518725,00NTRF000911//044583001
:61:1606030603D15000000,00NTRF000674//044525217
:61:1606030603D15520102,35NTRF000004//044525700
:61:1606030603D16950000,00NTRF000769//046577674
:61:1606030603D17600000,00NTRF000504//044583001
:61:1606030603D19147085,91NTRF000378//044525225
:61:1606030603D21607852,05NTRF000012//044525236
:61:1606030603D44716417,19NTRF000102//044525187
:61:1606030603D50922131,58NTRF000900//046311649
:61:1606030603D54863215,00NTRF000034//049706001
:61:1606030603D71664033,00NTRF000032//042406001
:61:1606030603D71773246,00NTRF000035//042520001
:61:1606030603D82937459,00NTRF000033//043807001
:61:1606030603D154962500,00NTRF000201//044525222
:61:1606030603D155772043,00NTRF000031//048952001
:61:1606030603D172093917,00NTRF000029//041806001
:61:1606030603D200609469,00NTRF000027//044583001
:61:1606030603D204467499,00NTRF000030//045773001
:61:1606030603D272887816,16NTRF000007//044525225
:61:1606030603D310150000,00NTRF000202//044525957
:61:1606030603D404907553,00NTRF000028//045209001
:61:1606030603D1260127000,00NTRF000279//044525545
:61:1606030603D1872165000,00NTRF000302//044525545
:62F:C160603RUB863517756,38
}$
